1695 3020
432 174 499 213 75.
531 170 688 213 Doros.
742 174 807 213 76.
839 169 1016 214 Scaeva.
1319 176 1400 213 695

130 283 201 322 tis,
227 282 258 315 dc
282 282 327 314 ab
353 287 528 324 utroque}
556 281 722 313 antennis
747 290 902 324 superne
926 281 1060 319 fuscis,
1086 282 1196 321 atque
1217 281 1400 325 proecipue

130 344 252 376 fronte
294 344 554 387 subaequaliter
597 343 693 383 lata,
735 344 852 376 minus
895 343 1172 386 triangulariter
1219 342 1399 386 formata,

132 407 317 450 posterius
343 407 484 439 scilicet
510 405 642 438 latiore
669 416 774 449 quam
800 407 835 437 in
873 406 1079 448 prioribus,
1112 406 1231 437 antice
1271 407 1401 450 (supra

126 469 322 510 antennas)
348 468 441 501 flava
465 468 701 500 immaculata
725 468 807 509 (nec
832 468 928 501 linea
952 469 1054 512 nigra
1080 468 1236 509 notata),
1249 468 1399 502 dimidio

128 532 271 574 postico
296 541 376 563 cum
403 531 538 563 vertice
565 530 702 570 nitido,
729 539 851 571 aeneo,
879 541 943 564 nec
965 532 1178 574 nigro,vere
1190 529 1399 567 distinctus.

131 610 175 618 -
199 593 314 625 Pedes
340 598 381 626 ut
405 594 439 625 in
456 592 622 637 festivo,
647 592 824 625 abdomen
860 593 1055 627 scutellum
1097 594 1128 626 ἀ
1168 593 1237 625 alae
1280 600 1321 626 ut
1361 595 1397 627 in

135 661 293 696 ornato,
321 657 432 699 picta.
466 654 595 689 Affinis
621 654 766 690 Scaevoe.

440 865 519 910 76.
575 863 814 912 SCAEVA
852 866 1003 913 Fabr.

85 973 227 1017 Corpus
252 974 423 1016 majoris,
449 973 578 1005 mediae
603 977 668 1005 aut
692 974 844 1006 minoris
877 972 1158 1016 magnitudinis,
1200 972 1396 1016 oblongum

125 1037 177 1078 (in
203 1035 240 1071 S.
266 1035 470 1078 Syrplzoide
496 1035 680 1075 ovatum),
706 1040 770 1068 aut
811 1036 1037 1075 sublineare,
1071 1034 1284 1077 pubescens.
1331 1038 1397 1068 An-

129 1104 248 1131 tennae
273 1099 351 1131 basi
378 1098 650 1139 subdistantes,
676 1098 789 1131 fronti
834 1098 1084 1141 subporrectae
1126 1099 1296 1139 insertae,
1335 1110 1396 1131 nu-

126 1166 269 1202 tantes,
297 1162 525 1205 longitudine
551 1162 610 1194 vix
636 1163 767 1205 capitis
793 1161 1016 1199 transversi,
1060 1161 1217 1193 articulo
1264 1162 1396 1194 ultimo

122 1235 355 1268 compresso,
381 1224 580 1257 rotundato
608 1230 672 1257 aut
705 1225 823 1264 ovali,
861 1224 938 1256 basi
981 1230 1060 1256 seta
1107 1223 1244 1256 don-sali
1288 1225 1395 1257 nuda.

124 1289 315 1331 Epistoma
341 1288 472 1319 leviter
496 1287 787 1326 tuberculatum‚
813 1285 908 1318 infra
941 1287 1069 1318 oculos
1112 1285 1207 1318 haud
1249 1286 1395 1319 descen-

129 1350 218 1382 dens
243 1351 294 1392 (in
320 1348 377 1382 Sc.
402 1348 593 1382 manicata
611 1348 641 1389 ‹5-
660 1354 831 1381 rostrata
846 1350 1063 1389 extensum),
1076 1349 1394 1391 margar-stacteum,

124 1413 228 1456 apice
255 1412 447 1455 aequaliter
473 1412 600 1444 latum.
650 1412 755 1443 Oculi
783 1411 839 1443 vel
873 1411 958 1444 nudi
998 1411 1056 1444 vel
1098 1410 1207 1452 hirti,
1252 1422 1395 1456 semper

121 1475 275 1507 obscure
300 1474 519 1517 ferruginei,
547 1483 674 1516 parum
701 1474 1015 1514 aeneo-micantes,
1041 1474 1261 1507 unicolores.
1297 1475 1394 1508 Tho-

125 1547 189 1570 rax
216 1537 416 1580 pubescens
441 1537 497 1568 vel
523 1535 663 1576 hirtus,
683 1537 951 1569 immaculatus.
976 1536 1053 1569 Alae
1065 1536 1255 1570 abdomine
1270 1538 1395 1581 paullo

124 1600 328 1643 longiores,
357 1599 537 1643 hyalinae,
564 1599 830 1639 immaculatae,
866 1600 954 1631 semi
990 1599 1213 1633 divaricatae.
1262 1601 1393 1634 Nervi:

122 1662 400 1706 longitudinalis
424 1660 520 1697 littus
554 1667 618 1695 aut
660 1662 820 1695 nonnihil
863 1667 1036 1695 curvatus
1077 1662 1158 1702 (sed
1200 1673 1269 1695 non
1317 1668 1390 1697 tam

123 1725 296 1758 distincte
322 1731 361 1759 ut
386 1726 421 1758 in
449 1724 590 1769 Syrplco
615 1724 806 1766 inflexus),
832 1727 866 1758 in
901 1734 1041 1757 summo
1085 1726 1188 1768 apice
1230 1728 1393 1760 excurrit

123 1789 245 1831 ibique
270 1798 350 1821 cum
377 1797 486 1821 nervo
512 1788 644 1821 costali
670 1789 925 1832 conjungitur3
952 1787 1236 1831 longitudinales
1261 1790 1282 1824 5
1309 1790 1338 1822 ἀ
1371 1791 1393 1825 6

121 1851 216 1884 infra
241 1861 346 1884 areas
371 1851 592 1883 discoidales
617 1852 831 1894 plerumque
867 1850 1029 1884 nonnihil
1062 1852 1286 1892 continuati,
1328 1851 1393 1884 sed

124 1924 197 1946 non
224 1914 270 1946 ad
295 1923 474 1946 summum
508 1914 705 1956 marginem
740 1913 1023 1954 descendentes3
1063 1919 1295 1946 transversus
1336 1924 1392 1947 or-

125 1976 289 2008 dinarius
314 1974 715 2018 subperpendieularis3
742 1986 893 2016 nervus,
920 1976 979 2019 qui
1004 1985 1127 2008 aream
1151 1975 1390 2010 discoidalem

123 2039 276 2082 primam
302 2038 495 2078 terminat,
522 2038 651 2071 leviter
685 2043 825 2071 tantum
860 2037 976 2071 flexus
1017 2048 1097 2070 cum
1139 2048 1250 2071 nervo
1292 2039 1391 2083 long.

123 2099 199 2136 sixto
227 2102 351 2145 paullo
377 2101 474 2134 intra
506 2101 645 2144 apicem
689 2102 917 2144 conjunctus.
963 2101 1056 2133 Area
1097 2102 1249 2134 costalis
1287 2103 1391 2145 apice

123 2164 199 2196 late
224 2168 364 2208 aperta.
412 2163 529 2197 Pedes
557 2163 761 2207 simplices,
788 2168 935 2204 tenues,
962 2163 1062 2196 tibiis
1087 2164 1239 2206 posticis
1265 2165 1391 2205 rectis,

121 2236 192 2259 non
217 2227 450 2270 compressis.
500 2224 611 2259 Color
635 2226 841 2269 nigricans,
879 2225 1041 2259 thoracis
1075 2225 1278 2268 saepissime
1319 2236 1391 2259 me-

118 2290 289 2330 tallicus‚
317 2299 521 2329 aeneoeens,
548 2289 691 2332 pictura
716 2288 919 2322 abdominis
944 2288 1081 2332 pallide
1106 2288 1274 2325 fasciata.
1313 2287 1391 2322 Mo-

123 2357 203 2385 tus.-
228 2353 354 2385 volatu
380 2352 632 2396 rapidissima3
658 2352 694 2384 in
719 2354 803 2385 ae're
829 2362 926 2396 saepe
962 2353 1063 2395 quasi
1108 2351 1265 2395 pendent
1305 2354 1391 2385 ima-

126 2415 250 2457 gines,
276 2416 505 2449 velocissime
530 2415 700 2456 avolant,
725 2424 813 2448 mox
838 2416 884 2449 ad
908 2415 1003 2448 idem
1030 2418 1201 2458 punctum
1228 2414 1311 2447 lusu
1336 2425 1391 2448 rc-

122 2478 241 2519 petito
277 2483 519 2511 revertentes.
566 2476 766 2511 Habitatio
800 2479 836 2512 in
869 2478 1020 2512 floribus
1063 2477 1268 2522 praesertim
1310 2477 1391 2510 Um-

122 2538 340 2574 bellatarum
367 2543 397 2576 dc
423 2541 739 2585 compositarum,
765 2541 865 2577 foliis
890 2543 1099 2586 plantarum
1125 2539 1209 2580 dcc.;
1233 2541 1270 2574 in
1298 2539 1392 2573 lucis
