<?xml version="1.0" encoding="UTF-8"?>
<!DOCTYPE html PUBLIC "-//W3C//DTD XHTML 1.0 Transitional//EN"
    "http://www.w3.org/TR/xhtml1/DTD/xhtml1-transitional.dtd">
<html xmlns="http://www.w3.org/1999/xhtml" xml:lang="en" lang="en">
 <head>
  <title>
</title>
<meta http-equiv="Content-Type" content="text/html;charset=utf-8" />
  <meta name='ocr-system' content='tesseract 3.04.00' />
  <meta name='ocr-capabilities' content='ocr_page ocr_carea ocr_par ocr_line ocrx_word'/>
</head>
<body>
  <div class='ocr_page' id='page_1' title='image "./dipterascandinav12zett_0590.png"; bbox 0 0 1695 3020; ppageno 0'>
   <div class='ocr_carea' id='block_1_1' title="bbox 249 177 330 214">
    <p class='ocr_par' dir='ltr' id='par_1_1' title="bbox 249 177 330 214">
     <span class='ocr_line' id='line_1_1' title="bbox 249 177 330 214; baseline -0.025 0"><span class='ocrx_word' id='word_1_1' title='bbox 249 177 330 214; x_wconf 64' lang='lat'>564</span> 
     </span>
    </p>
   </div>
   <div class='ocr_carea' id='block_1_2' title="bbox 735 166 1120 220">
    <p class='ocr_par' dir='ltr' id='par_1_2' title="bbox 735 166 1120 220">
     <span class='ocr_line' id='line_1_2' title="bbox 735 166 1120 220; baseline -0.008 -12"><span class='ocrx_word' id='word_1_2' title='bbox 735 172 800 208; x_wconf 84' lang='lat'>60.</span> <span class='ocrx_word' id='word_1_3' title='bbox 840 166 1120 220; x_wconf 74' lang='lat' dir='ltr'>Dolichopus.</span> 
     </span>
    </p>
   </div>
   <div class='ocr_carea' id='block_1_3' title="bbox 347 274 1659 704">
    <p class='ocr_par' dir='ltr' id='par_1_3' title="bbox 347 274 1659 704">
     <span class='ocr_line' id='line_1_3' title="bbox 347 274 1620 323; baseline -0.005 -12"><span class='ocrx_word' id='word_1_4' title='bbox 347 279 508 323; x_wconf 81' lang='lat' dir='ltr'>apicales</span> <span class='ocrx_word' id='word_1_5' title='bbox 535 278 730 309; x_wconf 79' lang='lat' dir='ltr'>ordinariae</span> <span class='ocrx_word' id='word_1_6' title='bbox 757 277 926 315; x_wconf 70' lang='lat' dir='ltr'>detritae,</span> <span class='ocrx_word' id='word_1_7' title='bbox 952 277 1005 308; x_wconf 86' lang='lat' dir='ltr'>ita</span> <span class='ocrx_word' id='word_1_8' title='bbox 1030 281 1070 308; x_wconf 90' lang='lat' dir='ltr'>ut</span> <span class='ocrx_word' id='word_1_9' title='bbox 1097 274 1217 308; x_wconf 86' lang='lat' dir='ltr'>dicere</span> <span class='ocrx_word' id='word_1_10' title='bbox 1243 283 1312 306; x_wconf 88' lang='lat' dir='ltr'>non</span> <span class='ocrx_word' id='word_1_11' title='bbox 1339 274 1495 316; x_wconf 82' lang='lat' dir='ltr'>possim,</span> <span class='ocrx_word' id='word_1_12' title='bbox 1522 283 1564 304; x_wconf 87' lang='lat' dir='ltr'>an</span> <span class='ocrx_word' id='word_1_13' title='bbox 1587 274 1620 304; x_wconf 90' lang='lat' dir='ltr'>in</span> 
     </span>
     <span class='ocr_line' id='line_1_4' title="bbox 347 335 1659 382; baseline -0.007 -8"><span class='ocrx_word' id='word_1_14' title='bbox 347 341 549 375; x_wconf 87' lang='lat' dir='ltr'>femoribus</span> <span class='ocrx_word' id='word_1_15' title='bbox 574 340 802 372; x_wconf 78' lang='lat' dir='ltr'>intermediis</span> <span class='ocrx_word' id='word_1_16' title='bbox 829 340 847 373; x_wconf 88' lang='lat'>1</span> <span class='ocrx_word' id='word_1_17' title='bbox 873 339 929 370; x_wconf 79' lang='lat' dir='ltr'>vel</span> <span class='ocrx_word' id='word_1_18' title='bbox 954 341 976 372; x_wconf 80' lang='lat'>2</span> <span class='ocrx_word' id='word_1_19' title='bbox 1001 338 1154 382; x_wconf 73' lang='lat' dir='ltr'>spinulae</span> <span class='ocrx_word' id='word_1_20' title='bbox 1180 337 1327 369; x_wconf 85' lang='lat' dir='ltr'>fuerint.</span> <span class='ocrx_word' id='word_1_21' title='bbox 1362 336 1400 367; x_wconf 84' lang='lat' dir='ltr'>ln</span> <span class='ocrx_word' id='word_1_22' title='bbox 1426 335 1622 367; x_wconf 83' lang='lat' dir='ltr'>individuis</span> <span class='ocrx_word' id='word_1_23' title='bbox 1651 376 1659 379; x_wconf 27' lang='grc' dir='ltr'><em>Α</em></span> 
     </span>
     <span class='ocr_line' id='line_1_5' title="bbox 351 394 1623 449; baseline -0.006 -10"><span class='ocrx_word' id='word_1_24' title='bbox 351 406 626 449; x_wconf 81' lang='lat' dir='ltr'>Ostrogothicis</span> <span class='ocrx_word' id='word_1_25' title='bbox 654 408 683 438; x_wconf 61' lang='grc' dir='ltr'>εἰς</span> <span class='ocrx_word' id='word_1_26' title='bbox 710 406 986 438; x_wconf 83' lang='lat' dir='ltr'>Holmiensibus</span> <span class='ocrx_word' id='word_1_27' title='bbox 1012 394 1116 446; x_wconf 69' lang='grc' dir='ltr'>(ὅᾫ)</span> <span class='ocrx_word' id='word_1_28' title='bbox 1143 403 1306 447; x_wconf 78' lang='lat' dir='ltr'>spinuias</span> <span class='ocrx_word' id='word_1_29' title='bbox 1331 403 1353 435; x_wconf 83' lang='lat'><strong>2</strong></span> <span class='ocrx_word' id='word_1_30' title='bbox 1376 401 1411 432; x_wconf 88' lang='lat' dir='ltr'>in</span> <span class='ocrx_word' id='word_1_31' title='bbox 1424 400 1623 432; x_wconf 84' lang='lat' dir='ltr'>femoribus</span> 
     </span>
     <span class='ocr_line' id='line_1_6' title="bbox 348 458 1621 515; baseline -0.006 -10"><span class='ocrx_word' id='word_1_32' title='bbox 348 473 598 511; x_wconf 80' lang='lat' dir='ltr'>intermediis,</span> <span class='ocrx_word' id='word_1_33' title='bbox 627 475 656 504; x_wconf 79' lang='lat' dir='ltr'>dc</span> <span class='ocrx_word' id='word_1_34' title='bbox 685 473 703 506; x_wconf 92' lang='lat'>1</span> <span class='ocrx_word' id='word_1_35' title='bbox 728 473 762 504; x_wconf 88' lang='lat' dir='ltr'>in</span> <span class='ocrx_word' id='word_1_36' title='bbox 790 473 942 515; x_wconf 85' lang='lat' dir='ltr'>posticis</span> <span class='ocrx_word' id='word_1_37' title='bbox 977 481 1138 503; x_wconf 84' lang='lat' dir='ltr'>numero.</span> <span class='ocrx_word' id='word_1_38' title='bbox 1186 471 1225 502; x_wconf 90' lang='lat' dir='ltr'>ln</span> <span class='ocrx_word' id='word_1_39' title='bbox 1261 458 1288 508; x_wconf 67' lang='grc' dir='ltr'>ῼ</span> <span class='ocrx_word' id='word_1_40' title='bbox 1320 467 1464 510; x_wconf 82' lang='lat' dir='ltr'>spinula</span> <span class='ocrx_word' id='word_1_41' title='bbox 1483 471 1621 498; x_wconf 86' lang='lat' dir='ltr'>tantum</span> 
     </span>
     <span class='ocr_line' id='line_1_7' title="bbox 348 529 1624 575; baseline -0.006 -8"><span class='ocrx_word' id='word_1_42' title='bbox 348 536 367 570; x_wconf 89' lang='lat'>1</span> <span class='ocrx_word' id='word_1_43' title='bbox 394 536 613 567; x_wconf 83' lang='lat' dir='ltr'>observatur</span> <span class='ocrx_word' id='word_1_44' title='bbox 639 536 673 567; x_wconf 91' lang='lat' dir='ltr'>in</span> <span class='ocrx_word' id='word_1_45' title='bbox 701 535 901 568; x_wconf 87' lang='lat' dir='ltr'>femoribus</span> <span class='ocrx_word' id='word_1_46' title='bbox 927 534 1153 567; x_wconf 80' lang='lat' dir='ltr'>intermediis</span> <span class='ocrx_word' id='word_1_47' title='bbox 1180 531 1275 575; x_wconf 80' lang='lat' dir='ltr'>apud</span> <span class='ocrx_word' id='word_1_48' title='bbox 1302 529 1507 572; x_wconf 77' lang='lat' dir='ltr'>exemplum</span> <span class='ocrx_word' id='word_1_49' title='bbox 1550 529 1624 560; x_wconf 75' lang='lat' dir='ltr'>uii-</span> 
     </span>
     <span class='ocr_line' id='line_1_8' title="bbox 350 592 1625 642; baseline -0.005 -13"><span class='ocrx_word' id='word_1_50' title='bbox 350 599 581 642; x_wconf 87' lang='lat' dir='ltr'>gestadense.</span> <span class='ocrx_word' id='word_1_51' title='bbox 631 598 814 630; x_wconf 78' lang='lat' dir='ltr'>Abdomcn</span> <span class='ocrx_word' id='word_1_52' title='bbox 841 599 941 630; x_wconf 81' lang='lat' dir='ltr'>utin</span> <span class='ocrx_word' id='word_1_53' title='bbox 968 598 1080 640; x_wconf 80' lang='lat' dir='ltr'>priori</span> <span class='ocrx_word' id='word_1_54' title='bbox 1115 597 1265 639; x_wconf 83' lang='lat' dir='ltr'>pictum.</span> <span class='ocrx_word' id='word_1_55' title='bbox 1313 593 1430 626; x_wconf 76' lang='lat' dir='ltr'>Tibiae</span> <span class='ocrx_word' id='word_1_56' title='bbox 1473 592 1625 636; x_wconf 70' lang='lat' dir='ltr'>posticae</span> 
     </span>
     <span class='ocr_line' id='line_1_9' title="bbox 349 661 603 704; baseline -0.004 -11"><span class='ocrx_word' id='word_1_57' title='bbox 349 662 453 704; x_wconf 85' lang='lat' dir='ltr'>apice</span> <span class='ocrx_word' id='word_1_58' title='bbox 478 661 603 703; x_wconf 77' lang='lat' dir='ltr'>nigrae.</span> 
     </span>
    </p>
   </div>
   <div class='ocr_carea' id='block_1_4' title="bbox 376 733 1625 787">
    <p class='ocr_par' dir='ltr' id='par_1_4' title="bbox 376 733 1625 787">
     <span class='ocr_line' id='line_1_10' title="bbox 376 733 1625 787; baseline -0.002 -13"><span class='ocrx_word' id='word_1_59' title='bbox 376 738 439 774; x_wconf 67' lang='lat'>54.</span> <span class='ocrx_word' id='word_1_60' title='bbox 497 733 554 773; x_wconf 86' lang='lat' dir='ltr'>D.</span> <span class='ocrx_word' id='word_1_61' title='bbox 597 733 818 787; x_wconf 75' lang='lat' dir='ltr'>ochre&#39;pes:</span> <span class='ocrx_word' id='word_1_62' title='bbox 863 738 1156 787; x_wconf 66' lang='lat' dir='ltr'>nigro-teneus,</span> <span class='ocrx_word' id='word_1_63' title='bbox 1200 733 1445 779; x_wconf 65' lang='lat' dir='ltr'>subnffldus,</span> <span class='ocrx_word' id='word_1_64' title='bbox 1493 733 1625 771; x_wconf 86' lang='lat' dir='ltr'>fronte</span> 
     </span>
    </p>
   </div>
   <div class='ocr_carea' id='block_1_5' title="bbox 258 806 1629 861">
    <p class='ocr_par' dir='ltr' id='par_1_5' title="bbox 258 806 1629 861">
     <span class='ocr_line' id='line_1_11' title="bbox 258 806 1629 861; baseline -0.003 -14"><span class='ocrx_word' id='word_1_65' title='bbox 258 808 499 861; x_wconf 78' lang='lat' dir='ltr'>concolore3</span> <span class='ocrx_word' id='word_1_66' title='bbox 529 811 768 859; x_wconf 78' lang='lat' dir='ltr'>epistomate</span> <span class='ocrx_word' id='word_1_67' title='bbox 799 809 971 848; x_wconf 81' lang='lat' dir='ltr'>obscure</span> <span class='ocrx_word' id='word_1_68' title='bbox 1011 809 1229 859; x_wconf 77' lang='lat' dir='ltr'>ochracco3</span> <span class='ocrx_word' id='word_1_69' title='bbox 1273 807 1457 844; x_wconf 78' lang='lat' dir='ltr'>antennis</span> <span class='ocrx_word' id='word_1_70' title='bbox 1499 806 1629 857; x_wconf 82' lang='lat' dir='ltr'>longi-</span> 
     </span>
    </p>
   </div>
   <div class='ocr_carea' id='block_1_6' title="bbox 261 878 1626 932">
    <p class='ocr_par' dir='ltr' id='par_1_6' title="bbox 261 878 1626 932">
     <span class='ocr_line' id='line_1_12' title="bbox 261 878 1626 932; baseline -0.001 -13"><span class='ocrx_word' id='word_1_71' title='bbox 261 882 399 920; x_wconf 82' lang='lat' dir='ltr'>tudine</span> <span class='ocrx_word' id='word_1_72' title='bbox 429 884 571 931; x_wconf 84' lang='lat' dir='ltr'>capitis</span> <span class='ocrx_word' id='word_1_73' title='bbox 603 884 841 929; x_wconf 74' lang='lat' dir='ltr'>transversi,</span> <span class='ocrx_word' id='word_1_74' title='bbox 871 884 990 927; x_wconf 81' lang='lat' dir='ltr'>atris3</span> <span class='ocrx_word' id='word_1_75' title='bbox 1029 881 1200 932; x_wconf 87' lang='lat' dir='ltr'>pedibus</span> <span class='ocrx_word' id='word_1_76' title='bbox 1242 880 1354 918; x_wconf 81' lang='lat' dir='ltr'>fusco</span> <span class='ocrx_word' id='word_1_77' title='bbox 1399 878 1626 923; x_wconf 74' lang='lat' dir='ltr'>ochraceis,</span> 
     </span>
    </p>
   </div>
   <div class='ocr_carea' id='block_1_7' title="bbox 261 952 1626 1005">
    <p class='ocr_par' dir='ltr' id='par_1_7' title="bbox 261 952 1626 1005">
     <span class='ocr_line' id='line_1_13' title="bbox 261 952 1626 1005; baseline -0.002 -13"><span class='ocrx_word' id='word_1_78' title='bbox 261 954 483 992; x_wconf 85' lang='lat' dir='ltr'>semoribus</span> <span class='ocrx_word' id='word_1_79' title='bbox 529 956 668 993; x_wconf 85' lang='lat' dir='ltr'>anticis</span> <span class='ocrx_word' id='word_1_80' title='bbox 711 956 794 993; x_wconf 85' lang='lat' dir='ltr'>basi</span> <span class='ocrx_word' id='word_1_81' title='bbox 840 956 944 1003; x_wconf 80' lang='lat' dir='ltr'>late,</span> <span class='ocrx_word' id='word_1_82' title='bbox 990 955 1152 1005; x_wconf 78' lang='lat' dir='ltr'>posticis</span> <span class='ocrx_word' id='word_1_83' title='bbox 1196 953 1245 991; x_wconf 89' lang='lat' dir='ltr'>ad</span> <span class='ocrx_word' id='word_1_84' title='bbox 1289 954 1467 1003; x_wconf 86' lang='lat' dir='ltr'>apicem,</span> <span class='ocrx_word' id='word_1_85' title='bbox 1521 952 1626 990; x_wconf 84' lang='lat' dir='ltr'>tibiis</span> 
     </span>
    </p>
   </div>
   <div class='ocr_carea' id='block_1_8' title="bbox 262 1025 1626 1077">
    <p class='ocr_par' dir='ltr' id='par_1_8' title="bbox 262 1025 1626 1077">
     <span class='ocr_line' id='line_1_14' title="bbox 262 1025 1626 1077; baseline -0.002 -12"><span class='ocrx_word' id='word_1_86' title='bbox 262 1028 426 1077; x_wconf 76' lang='lat' dir='ltr'>posticis</span> <span class='ocrx_word' id='word_1_87' title='bbox 468 1028 582 1076; x_wconf 85' lang='lat' dir='ltr'>apice</span> <span class='ocrx_word' id='word_1_88' title='bbox 630 1028 826 1077; x_wconf 83' lang='lat' dir='ltr'>tarsisquc</span> <span class='ocrx_word' id='word_1_89' title='bbox 871 1028 1078 1073; x_wconf 83' lang='lat' dir='ltr'>omnibuS,</span> <span class='ocrx_word' id='word_1_90' title='bbox 1121 1027 1265 1077; x_wconf 76' lang='lat' dir='ltr'>nigri83</span> <span class='ocrx_word' id='word_1_91' title='bbox 1311 1025 1387 1063; x_wconf 84' lang='lat' dir='ltr'>alis</span> <span class='ocrx_word' id='word_1_92' title='bbox 1430 1025 1626 1076; x_wconf 67' lang='lat' dir='ltr'>hyalinis,</span> 
     </span>
    </p>
   </div>
   <div class='ocr_carea' id='block_1_9' title="bbox 262 1097 1628 1223">
    <p class='ocr_par' dir='ltr' id='par_1_9' title="bbox 262 1097 1628 1223">
     <span class='ocr_line' id='line_1_15' title="bbox 262 1097 1628 1151; baseline -0.001 -14"><span class='ocrx_word' id='word_1_93' title='bbox 262 1111 392 1138; x_wconf 85' lang='lat' dir='ltr'>nervo</span> <span class='ocrx_word' id='word_1_94' title='bbox 422 1099 529 1151; x_wconf 84' lang='lat' dir='ltr'>long.</span> <span class='ocrx_word' id='word_1_95' title='bbox 574 1102 655 1138; x_wconf 69' lang='lat'>4:10</span> <span class='ocrx_word' id='word_1_96' title='bbox 703 1100 849 1140; x_wconf 78' lang='lat' dir='ltr'>leviter</span> <span class='ocrx_word' id='word_1_97' title='bbox 892 1102 998 1140; x_wconf 78' lang='lat' dir='ltr'>sscxo</span> <span class='ocrx_word' id='word_1_98' title='bbox 1043 1099 1082 1136; x_wconf 88' lang='lat' dir='ltr'>in</span> <span class='ocrx_word' id='word_1_99' title='bbox 1125 1099 1237 1148; x_wconf 84' lang='lat' dir='ltr'>apice</span> <span class='ocrx_word' id='word_1_100' title='bbox 1284 1103 1538 1137; x_wconf 81' lang='lat' dir='ltr'>excurrente.</span> <span class='ocrx_word' id='word_1_101' title='bbox 1579 1097 1628 1148; x_wconf 70' lang='grc' dir='ltr'>(ζ’.</span> 
     </span>
     <span class='ocr_line' id='line_1_16' title="bbox 263 1172 618 1223; baseline 0 -13"><span class='ocrx_word' id='word_1_102' title='bbox 263 1172 405 1223; x_wconf 81' lang='lat' dir='ltr'>(Long.</span> <span class='ocrx_word' id='word_1_103' title='bbox 434 1173 485 1223; x_wconf 51' lang='lat'>12</span> <span class='ocrx_word' id='word_1_104' title='bbox 516 1173 618 1218; x_wconf 58' lang='lat' dir='ltr'>lin).</span> 
     </span>
    </p>
   </div>
   <div class='ocr_carea' id='block_1_10' title="bbox 381 1241 1629 1289">
    <p class='ocr_par' dir='ltr' id='par_1_10' title="bbox 381 1241 1629 1289">
     <span class='ocr_line' id='line_1_17' title="bbox 381 1241 1629 1289; baseline -0.002 -6"><span class='ocrx_word' id='word_1_105' title='bbox 381 1244 483 1283; x_wconf 78' lang='lat' dir='ltr'>Hah.</span> <span class='ocrx_word' id='word_1_106' title='bbox 514 1246 555 1283; x_wconf 88' lang='lat' dir='ltr'>in</span> <span class='ocrx_word' id='word_1_107' title='bbox 586 1244 849 1285; x_wconf 81' lang='lat' dir='ltr'>Scandinavia</span> <span class='ocrx_word' id='word_1_108' title='bbox 885 1244 1041 1284; x_wconf 80' lang='lat' dir='ltr'>boreali</span> <span class='ocrx_word' id='word_1_109' title='bbox 1068 1243 1292 1289; x_wconf 79' lang='lat' dir='ltr'>rarissime3</span> <span class='ocrx_word' id='word_1_110' title='bbox 1322 1244 1427 1280; x_wconf 84' lang='lat' dir='ltr'>inter</span> <span class='ocrx_word' id='word_1_111' title='bbox 1459 1243 1559 1281; x_wconf 86' lang='lat' dir='ltr'>Suul</span> <span class='ocrx_word' id='word_1_112' title='bbox 1590 1241 1629 1280; x_wconf 62' lang='grc' dir='ltr'>(Ε</span> 
     </span>
    </p>
   </div>
   <div class='ocr_carea' id='block_1_11' title="bbox 263 1315 1630 1369">
    <p class='ocr_par' dir='ltr' id='par_1_11' title="bbox 263 1315 1630 1369">
     <span class='ocr_line' id='line_1_18' title="bbox 263 1315 1630 1369; baseline -0.001 -14"><span class='ocrx_word' id='word_1_113' title='bbox 263 1318 521 1369; x_wconf 82' lang='lat' dir='ltr'>Kongsstuen</span> <span class='ocrx_word' id='word_1_114' title='bbox 552 1319 592 1355; x_wconf 89' lang='lat' dir='ltr'>in</span> <span class='ocrx_word' id='word_1_115' title='bbox 618 1317 716 1369; x_wconf 83' lang='lat' dir='ltr'>jugo</span> <span class='ocrx_word' id='word_1_116' title='bbox 746 1318 885 1369; x_wconf 81' lang='lat' dir='ltr'>alpino</span> <span class='ocrx_word' id='word_1_117' title='bbox 915 1316 1125 1367; x_wconf 80' lang='lat' dir='ltr'>Norvegiae</span> <span class='ocrx_word' id='word_1_118' title='bbox 1163 1315 1202 1352; x_wconf 71' lang='grc' dir='ltr'>ά·</span> <span class='ocrx_word' id='word_1_119' title='bbox 1244 1315 1455 1354; x_wconf 80' lang='lat' dir='ltr'>Vaerdaliae</span> <span class='ocrx_word' id='word_1_120' title='bbox 1497 1316 1534 1354; x_wconf 92' lang='lat' dir='ltr'>d.</span> <span class='ocrx_word' id='word_1_121' title='bbox 1578 1318 1630 1353; x_wconf 77' lang='lat'>16</span> 
     </span>
    </p>
   </div>
   <div class='ocr_carea' id='block_1_12' title="bbox 264 1390 344 1428">
    <p class='ocr_par' dir='ltr' id='par_1_12' title="bbox 264 1390 344 1428">
     <span class='ocr_line' id='line_1_19' title="bbox 264 1390 344 1428; baseline 0.013 -1"><span class='ocrx_word' id='word_1_122' title='bbox 264 1390 344 1428; x_wconf 89' lang='lat' dir='ltr'>Jul.</span> 
     </span>
    </p>
   </div>
   <div class='ocr_carea' id='block_1_13' title="bbox 375 1390 1195 1442">
    <p class='ocr_par' dir='ltr' id='par_1_13' title="bbox 375 1390 1195 1442">
     <span class='ocr_line' id='line_1_20' title="bbox 375 1390 1195 1442; baseline 0 -15"><span class='ocrx_word' id='word_1_123' title='bbox 375 1392 482 1428; x_wconf 66' lang='lat'>1840</span> <span class='ocrx_word' id='word_1_124' title='bbox 512 1392 742 1442; x_wconf 78' lang='lat' dir='ltr'>exemplum</span> <span class='ocrx_word' id='word_1_125' title='bbox 773 1391 1018 1441; x_wconf 83' lang='lat' dir='ltr'>descriptum</span> <span class='ocrx_word' id='word_1_126' title='bbox 1050 1390 1195 1440; x_wconf 79' lang='lat' dir='ltr'>detegi.</span> 
     </span>
    </p>
   </div>
   <div class='ocr_carea' id='block_1_14' title="bbox 325 1462 1630 1516">
    <p class='ocr_par' dir='ltr' id='par_1_14' title="bbox 325 1462 1630 1516">
     <span class='ocr_line' id='line_1_21' title="bbox 325 1462 1630 1516; baseline 0 -14"><span class='ocrx_word' id='word_1_127' title='bbox 325 1462 370 1512; x_wconf 60' lang='grc' dir='ltr'>ὃ.</span> <span class='ocrx_word' id='word_1_128' title='bbox 405 1473 557 1506; x_wconf 81' lang='lat' dir='ltr'>Statura</span> <span class='ocrx_word' id='word_1_129' title='bbox 583 1472 632 1506; x_wconf 90' lang='lat' dir='ltr'>D.</span> <span class='ocrx_word' id='word_1_130' title='bbox 660 1474 888 1516; x_wconf 74' lang='lat' dir='ltr'>campestris.</span> <span class='ocrx_word' id='word_1_131' title='bbox 924 1473 1053 1505; x_wconf 77' lang='lat' dir='ltr'>Affinis</span> <span class='ocrx_word' id='word_1_132' title='bbox 1081 1474 1110 1505; x_wconf 63' lang='lat' dir='ltr'>(t-</span> <span class='ocrx_word' id='word_1_133' title='bbox 1137 1472 1266 1504; x_wconf 82' lang='lat' dir='ltr'>simiiis</span> <span class='ocrx_word' id='word_1_134' title='bbox 1293 1481 1435 1514; x_wconf 85' lang='lat' dir='ltr'>quoque</span> <span class='ocrx_word' id='word_1_135' title='bbox 1461 1469 1630 1513; x_wconf 78' lang='lat' dir='ltr'>D.griin-</span> 
     </span>
    </p>
   </div>
   <div class='ocr_carea' id='block_1_15' title="bbox 355 1534 1632 2582">
    <p class='ocr_par' dir='ltr' id='par_1_15' title="bbox 355 1534 1632 2582">
     <span class='ocr_line' id='line_1_22' title="bbox 359 1534 1630 1578; baseline -0.002 -11"><span class='ocrx_word' id='word_1_136' title='bbox 359 1535 507 1568; x_wconf 79' lang='lat' dir='ltr'>laudico</span> <span class='ocrx_word' id='word_1_137' title='bbox 555 1536 640 1577; x_wconf 86' lang='lat' dir='ltr'>(sub</span> <span class='ocrx_word' id='word_1_138' title='bbox 684 1538 869 1569; x_wconf 80' lang='lat' dir='ltr'>observat.</span> <span class='ocrx_word' id='word_1_139' title='bbox 913 1537 979 1568; x_wconf 82' lang='lat' dir='ltr'>nzri</span> <span class='ocrx_word' id='word_1_140' title='bbox 1022 1534 1066 1570; x_wconf 73' lang='lat'>24</span> <span class='ocrx_word' id='word_1_141' title='bbox 1108 1534 1332 1578; x_wconf 82' lang='lat' dir='ltr'>descripto),</span> <span class='ocrx_word' id='word_1_142' title='bbox 1375 1534 1437 1566; x_wconf 77' lang='lat' dir='ltr'>sed</span> <span class='ocrx_word' id='word_1_143' title='bbox 1477 1543 1630 1577; x_wconf 87' lang='lat' dir='ltr'>corpore</span> 
     </span>
     <span class='ocr_line' id='line_1_23' title="bbox 355 1597 1630 1642; baseline -0.003 -10"><span class='ocrx_word' id='word_1_144' title='bbox 355 1600 473 1642; x_wconf 84' lang='lat' dir='ltr'>magis</span> <span class='ocrx_word' id='word_1_145' title='bbox 499 1600 678 1639; x_wconf 87' lang='lat' dir='ltr'>obscuro,</span> <span class='ocrx_word' id='word_1_146' title='bbox 706 1600 782 1632; x_wconf 86' lang='lat' dir='ltr'>fere</span> <span class='ocrx_word' id='word_1_147' title='bbox 809 1601 934 1641; x_wconf 82' lang='lat' dir='ltr'>nigro,</span> <span class='ocrx_word' id='word_1_148' title='bbox 961 1600 1107 1630; x_wconf 87' lang='lat' dir='ltr'>minime</span> <span class='ocrx_word' id='word_1_149' title='bbox 1141 1599 1367 1636; x_wconf 71' lang='lat' dir='ltr'>virescente,</span> <span class='ocrx_word' id='word_1_150' title='bbox 1409 1597 1630 1638; x_wconf 84' lang='lat' dir='ltr'>epistomate</span> 
     </span>
     <span class='ocr_line' id='line_1_24' title="bbox 356 1659 1629 1704; baseline -0.003 -9"><span class='ocrx_word' id='word_1_151' title='bbox 356 1663 513 1701; x_wconf 86' lang='lat' dir='ltr'>latiore,</span> <span class='ocrx_word' id='word_1_152' title='bbox 540 1663 719 1704; x_wconf 78' lang='lat' dir='ltr'>geniculis</span> <span class='ocrx_word' id='word_1_153' title='bbox 755 1664 927 1704; x_wconf 82' lang='lat' dir='ltr'>tibiisque</span> <span class='ocrx_word' id='word_1_154' title='bbox 968 1662 1111 1699; x_wconf 78' lang='lat' dir='ltr'>lividis,</span> <span class='ocrx_word' id='word_1_155' title='bbox 1156 1670 1219 1691; x_wconf 91' lang='lat' dir='ltr'>nec</span> <span class='ocrx_word' id='word_1_156' title='bbox 1262 1659 1385 1698; x_wconf 75' lang='lat' dir='ltr'>ssavis,</span> <span class='ocrx_word' id='word_1_157' title='bbox 1429 1659 1629 1691; x_wconf 82' lang='lat' dir='ltr'>femoribus</span> 
     </span>
     <span class='ocr_line' id='line_1_25' title="bbox 355 1722 1632 1767; baseline -0.002 -11"><span class='ocrx_word' id='word_1_158' title='bbox 355 1724 507 1767; x_wconf 84' lang='lat' dir='ltr'>posticis</span> <span class='ocrx_word' id='word_1_159' title='bbox 534 1734 691 1766; x_wconf 77' lang='lat' dir='ltr'>superne</span> <span class='ocrx_word' id='word_1_160' title='bbox 717 1725 761 1756; x_wconf 83' lang='lat' dir='ltr'>ad</span> <span class='ocrx_word' id='word_1_161' title='bbox 789 1726 927 1766; x_wconf 82' lang='lat' dir='ltr'>apicem</span> <span class='ocrx_word' id='word_1_162' title='bbox 955 1723 1098 1755; x_wconf 81' lang='lat' dir='ltr'>macula</span> <span class='ocrx_word' id='word_1_163' title='bbox 1124 1723 1225 1764; x_wconf 82' lang='lat' dir='ltr'>nigra</span> <span class='ocrx_word' id='word_1_164' title='bbox 1252 1722 1409 1760; x_wconf 77' lang='lat' dir='ltr'>notatis,</span> <span class='ocrx_word' id='word_1_165' title='bbox 1436 1723 1526 1754; x_wconf 83' lang='lat' dir='ltr'>totis</span> <span class='ocrx_word' id='word_1_166' title='bbox 1571 1733 1632 1754; x_wconf 91' lang='lat' dir='ltr'>nu-</span> 
     </span>
     <span class='ocr_line' id='line_1_26' title="bbox 356 1786 1631 1830; baseline 0.001 -12"><span class='ocrx_word' id='word_1_167' title='bbox 356 1787 433 1826; x_wconf 87' lang='lat' dir='ltr'>dis,</span> <span class='ocrx_word' id='word_1_168' title='bbox 461 1787 561 1818; x_wconf 87' lang='lat' dir='ltr'>tibiis</span> <span class='ocrx_word' id='word_1_169' title='bbox 587 1788 740 1829; x_wconf 68' lang='lat' dir='ltr'>posticis</span> <span class='ocrx_word' id='word_1_170' title='bbox 767 1788 868 1830; x_wconf 84' lang='lat' dir='ltr'>apice</span> <span class='ocrx_word' id='word_1_171' title='bbox 895 1787 1016 1818; x_wconf 71' lang='lat' dir='ltr'>lectius</span> <span class='ocrx_word' id='word_1_172' title='bbox 1043 1786 1155 1824; x_wconf 76' lang='lat' dir='ltr'>utris,</span> <span class='ocrx_word' id='word_1_173' title='bbox 1193 1786 1222 1817; x_wconf 57' lang='lat' dir='ltr'>&lt;Q</span> <span class='ocrx_word' id='word_1_174' title='bbox 1260 1786 1420 1827; x_wconf 79' lang='lat' dir='ltr'>squamis</span> <span class='ocrx_word' id='word_1_175' title='bbox 1464 1786 1631 1818; x_wconf 81' lang='lat' dir='ltr'>analibus</span> 
     </span>
     <span class='ocr_line' id='line_1_27' title="bbox 356 1848 1631 1892; baseline 0.001 -12"><span class='ocrx_word' id='word_1_176' title='bbox 356 1849 482 1892; x_wconf 85' lang='lat' dir='ltr'>paullo</span> <span class='ocrx_word' id='word_1_177' title='bbox 510 1849 804 1890; x_wconf 76' lang='lat' dir='ltr'>obscurioribus,</span> <span class='ocrx_word' id='word_1_178' title='bbox 832 1850 932 1881; x_wconf 84' lang='lat' dir='ltr'>disco</span> <span class='ocrx_word' id='word_1_179' title='bbox 968 1859 1093 1892; x_wconf 85' lang='lat' dir='ltr'>parum</span> <span class='ocrx_word' id='word_1_180' title='bbox 1139 1848 1395 1887; x_wconf 72' lang='lat' dir='ltr'>dilatioribus,</span> <span class='ocrx_word' id='word_1_181' title='bbox 1438 1854 1537 1880; x_wconf 87' lang='lat' dir='ltr'>certe</span> <span class='ocrx_word' id='word_1_182' title='bbox 1582 1849 1631 1881; x_wconf 91' lang='lat' dir='ltr'>di-</span> 
     </span>
     <span class='ocr_line' id='line_1_28' title="bbox 356 1912 1628 1955; baseline -0.002 -11"><span class='ocrx_word' id='word_1_183' title='bbox 356 1913 526 1944; x_wconf 84' lang='lat' dir='ltr'>stinctus.</span> <span class='ocrx_word' id='word_1_184' title='bbox 558 1929 604 1935; x_wconf 93' lang='lat'>—-</span> <span class='ocrx_word' id='word_1_185' title='bbox 640 1913 690 1944; x_wconf 88' lang='lat' dir='ltr'>Os</span> <span class='ocrx_word' id='word_1_186' title='bbox 734 1914 889 1955; x_wconf 82' lang='lat' dir='ltr'>nigrum.</span> <span class='ocrx_word' id='word_1_187' title='bbox 938 1912 1089 1945; x_wconf 81' lang='lat' dir='ltr'>Thorax</span> <span class='ocrx_word' id='word_1_188' title='bbox 1132 1921 1243 1953; x_wconf 86' lang='lat' dir='ltr'>supra</span> <span class='ocrx_word' id='word_1_189' title='bbox 1285 1921 1434 1954; x_wconf 69' lang='lat' dir='ltr'>opacus.</span> <span class='ocrx_word' id='word_1_190' title='bbox 1483 1912 1628 1943; x_wconf 74' lang='lat' dir='ltr'>Alai-um</span> 
     </span>
     <span class='ocr_line' id='line_1_29' title="bbox 359 1972 1631 2017; baseline -0.002 -9"><span class='ocrx_word' id='word_1_191' title='bbox 359 1985 491 2008; x_wconf 82' lang='lat' dir='ltr'>nervus</span> <span class='ocrx_word' id='word_1_192' title='bbox 516 1972 613 2008; x_wconf 69' lang='lat' dir='ltr'>llztus</span> <span class='ocrx_word' id='word_1_193' title='bbox 639 1974 715 2007; x_wconf 82' lang='lat' dir='ltr'>fere</span> <span class='ocrx_word' id='word_1_194' title='bbox 741 1976 775 2007; x_wconf 89' lang='lat' dir='ltr'>in</span> <span class='ocrx_word' id='word_1_195' title='bbox 802 1985 942 2007; x_wconf 87' lang='lat' dir='ltr'>summo</span> <span class='ocrx_word' id='word_1_196' title='bbox 969 1976 1071 2017; x_wconf 86' lang='lat' dir='ltr'>apice</span> <span class='ocrx_word' id='word_1_197' title='bbox 1097 1984 1307 2006; x_wconf 56' lang='lat' dir='ltr'>excurrens</span> <span class='ocrx_word' id='word_1_198' title='bbox 1341 1974 1631 2017; x_wconf 83' lang='lat' dir='ltr'>Stigmapuncti-</span> 
     </span>
     <span class='ocr_line' id='line_1_30' title="bbox 355 2036 1628 2081; baseline -0.002 -9"><span class='ocrx_word' id='word_1_199' title='bbox 355 2040 494 2077; x_wconf 83' lang='lat' dir='ltr'>forme,</span> <span class='ocrx_word' id='word_1_200' title='bbox 522 2042 653 2070; x_wconf 85' lang='lat' dir='ltr'>atrum.</span> <span class='ocrx_word' id='word_1_201' title='bbox 704 2038 871 2081; x_wconf 79' lang='lat' dir='ltr'>Squamae</span> <span class='ocrx_word' id='word_1_202' title='bbox 904 2038 971 2069; x_wconf 87' lang='lat' dir='ltr'>sub</span> <span class='ocrx_word' id='word_1_203' title='bbox 997 2037 1066 2069; x_wconf 86' lang='lat' dir='ltr'>alis</span> <span class='ocrx_word' id='word_1_204' title='bbox 1108 2038 1137 2069; x_wconf 64' lang='lat' dir='ltr'>d:</span> <span class='ocrx_word' id='word_1_205' title='bbox 1171 2036 1353 2077; x_wconf 72' lang='lat' dir='ltr'>baltei-es,</span> <span class='ocrx_word' id='word_1_206' title='bbox 1400 2036 1511 2076; x_wconf 75' lang='lat' dir='ltr'>flava,</span> <span class='ocrx_word' id='word_1_207' title='bbox 1554 2037 1628 2069; x_wconf 83' lang='lat' dir='ltr'>illae</span> 
     </span>
     <span class='ocr_line' id='line_1_31' title="bbox 356 2099 1631 2145; baseline -0.002 -10"><span class='ocrx_word' id='word_1_208' title='bbox 356 2100 624 2145; x_wconf 80' lang='lat' dir='ltr'>nigro-ciliatae.</span> <span class='ocrx_word' id='word_1_209' title='bbox 673 2100 815 2132; x_wconf 69' lang='lat' dir='ltr'>Picus—m</span> <span class='ocrx_word' id='word_1_210' title='bbox 843 2103 873 2133; x_wconf 68' lang='lat' dir='ltr'>(te</span> <span class='ocrx_word' id='word_1_211' title='bbox 912 2110 1012 2132; x_wconf 73' lang='lat' dir='ltr'>coxae</span> <span class='ocrx_word' id='word_1_212' title='bbox 1046 2101 1200 2132; x_wconf 77' lang='lat' dir='ltr'>obscure</span> <span class='ocrx_word' id='word_1_213' title='bbox 1243 2099 1469 2132; x_wconf 73' lang='lat' dir='ltr'>schistaceae.</span> <span class='ocrx_word' id='word_1_214' title='bbox 1516 2100 1631 2132; x_wconf 83' lang='lat' dir='ltr'>Pedes</span> 
     </span>
     <span class='ocr_line' id='line_1_32' title="bbox 356 2163 1630 2206; baseline -0.001 -9"><span class='ocrx_word' id='word_1_215' title='bbox 356 2164 655 2201; x_wconf 82' lang='lat' dir='ltr'>fusco-testacei,</span> <span class='ocrx_word' id='word_1_216' title='bbox 683 2163 882 2195; x_wconf 83' lang='lat' dir='ltr'>femoribus</span> <span class='ocrx_word' id='word_1_217' title='bbox 907 2164 1037 2195; x_wconf 84' lang='lat' dir='ltr'>anticis</span> <span class='ocrx_word' id='word_1_218' title='bbox 1063 2174 1083 2196; x_wconf 86' lang='lat' dir='ltr'>a</span> <span class='ocrx_word' id='word_1_219' title='bbox 1107 2165 1185 2196; x_wconf 85' lang='lat' dir='ltr'>basi</span> <span class='ocrx_word' id='word_1_220' title='bbox 1212 2164 1289 2196; x_wconf 86' lang='lat' dir='ltr'>fere</span> <span class='ocrx_word' id='word_1_221' title='bbox 1314 2164 1359 2196; x_wconf 91' lang='lat' dir='ltr'>ad</span> <span class='ocrx_word' id='word_1_222' title='bbox 1396 2164 1554 2206; x_wconf 76' lang='lat' dir='ltr'>apicem,</span> <span class='ocrx_word' id='word_1_223' title='bbox 1600 2164 1630 2196; x_wconf 68' lang='lat' dir='ltr'>dc</span> 
     </span>
     <span class='ocr_line' id='line_1_33' title="bbox 356 2226 1629 2270; baseline 0 -12"><span class='ocrx_word' id='word_1_224' title='bbox 356 2227 510 2270; x_wconf 78' lang='lat' dir='ltr'>posticis</span> <span class='ocrx_word' id='word_1_225' title='bbox 536 2227 637 2268; x_wconf 79' lang='lat' dir='ltr'>apice</span> <span class='ocrx_word' id='word_1_226' title='bbox 662 2227 696 2257; x_wconf 91' lang='lat' dir='ltr'>in</span> <span class='ocrx_word' id='word_1_227' title='bbox 724 2227 848 2268; x_wconf 83' lang='lat' dir='ltr'>primis</span> <span class='ocrx_word' id='word_1_228' title='bbox 875 2237 985 2269; x_wconf 86' lang='lat' dir='ltr'>supra</span> <span class='ocrx_word' id='word_1_229' title='bbox 1012 2227 1314 2266; x_wconf 82' lang='lat' dir='ltr'>indeterminate,</span> <span class='ocrx_word' id='word_1_230' title='bbox 1342 2227 1471 2269; x_wconf 72' lang='lat' dir='ltr'>nigris.</span> <span class='ocrx_word' id='word_1_231' title='bbox 1511 2226 1629 2258; x_wconf 81' lang='lat' dir='ltr'>&#39;l&#39;ibiae</span> 
     </span>
     <span class='ocr_line' id='line_1_34' title="bbox 357 2288 1630 2332; baseline 0.001 -13"><span class='ocrx_word' id='word_1_232' title='bbox 357 2289 510 2332; x_wconf 79' lang='lat' dir='ltr'>posticae</span> <span class='ocrx_word' id='word_1_233' title='bbox 536 2289 638 2330; x_wconf 87' lang='lat' dir='ltr'>apice</span> <span class='ocrx_word' id='word_1_234' title='bbox 665 2288 708 2320; x_wconf 86' lang='lat' dir='ltr'>ad</span> <span class='ocrx_word' id='word_1_235' title='bbox 737 2289 882 2321; x_wconf 87' lang='lat' dir='ltr'>tertiam</span> <span class='ocrx_word' id='word_1_236' title='bbox 910 2294 1050 2331; x_wconf 87' lang='lat' dir='ltr'>partem</span> <span class='ocrx_word' id='word_1_237' title='bbox 1077 2291 1193 2321; x_wconf 86' lang='lat' dir='ltr'>totius</span> <span class='ocrx_word' id='word_1_238' title='bbox 1220 2290 1339 2328; x_wconf 79' lang='lat' dir='ltr'>tibiae‚</span> <span class='ocrx_word' id='word_1_239' title='bbox 1361 2290 1491 2330; x_wconf 74' lang='lat' dir='ltr'>nigrae.</span> <span class='ocrx_word' id='word_1_240' title='bbox 1520 2290 1630 2321; x_wconf 75' lang='lat' dir='ltr'>&#39;l&#39;arsi</span> 
     </span>
     <span class='ocr_line' id='line_1_35' title="bbox 360 2351 1629 2394; baseline 0.002 -12"><span class='ocrx_word' id='word_1_241' title='bbox 360 2361 483 2383; x_wconf 84' lang='lat' dir='ltr'>onmes</span> <span class='ocrx_word' id='word_1_242' title='bbox 509 2351 601 2389; x_wconf 84' lang='lat' dir='ltr'>atri,</span> <span class='ocrx_word' id='word_1_243' title='bbox 629 2352 841 2383; x_wconf 84' lang='lat' dir='ltr'>metatarsis</span> <span class='ocrx_word' id='word_1_244' title='bbox 866 2353 997 2384; x_wconf 89' lang='lat' dir='ltr'>anticis</span> <span class='ocrx_word' id='word_1_245' title='bbox 1023 2352 1341 2390; x_wconf 78' lang='lat' dir='ltr'>fusco-testaceis,</span> <span class='ocrx_word' id='word_1_246' title='bbox 1369 2361 1509 2384; x_wconf 88' lang='lat' dir='ltr'>summo</span> <span class='ocrx_word' id='word_1_247' title='bbox 1526 2352 1629 2394; x_wconf 81' lang='lat' dir='ltr'>apice</span> 
     </span>
     <span class='ocr_line' id='line_1_36' title="bbox 361 2415 476 2456; baseline -0.009 -10"><span class='ocrx_word' id='word_1_248' title='bbox 361 2415 476 2456; x_wconf 81' lang='lat' dir='ltr'>nigro.</span> 
     </span>
     <span class='ocr_line' id='line_1_37' title="bbox 491 2474 1630 2519; baseline -0.002 -10"><span class='ocrx_word' id='word_1_249' title='bbox 491 2477 534 2509; x_wconf 88' lang='lat' dir='ltr'>B.</span> <span class='ocrx_word' id='word_1_250' title='bbox 560 2476 786 2508; x_wconf 84' lang='lat' dir='ltr'>Metatarsus</span> <span class='ocrx_word' id='word_1_251' title='bbox 812 2476 997 2519; x_wconf 73' lang='lat' dir='ltr'>posticas,</span> <span class='ocrx_word' id='word_1_252' title='bbox 1024 2480 1160 2519; x_wconf 61' lang='lat' dir='ltr'>praeter</span> <span class='ocrx_word' id='word_1_253' title='bbox 1185 2474 1341 2506; x_wconf 81' lang='lat' dir='ltr'>calcaria</span> <span class='ocrx_word' id='word_1_254' title='bbox 1375 2474 1552 2516; x_wconf 80' lang='lat' dir='ltr'>apicalia,</span> <span class='ocrx_word' id='word_1_255' title='bbox 1594 2476 1630 2507; x_wconf 88' lang='lat' dir='ltr'>in</span> 
     </span>
     <span class='ocr_line' id='line_1_38' title="bbox 554 2536 1630 2582; baseline 0 -10"><span class='ocrx_word' id='word_1_256' title='bbox 554 2544 710 2582; x_wconf 84' lang='lat' dir='ltr'>utroque</span> <span class='ocrx_word' id='word_1_257' title='bbox 737 2549 824 2572; x_wconf 86' lang='lat' dir='ltr'>sexu</span> <span class='ocrx_word' id='word_1_258' title='bbox 861 2540 1077 2573; x_wconf 86' lang='lat' dir='ltr'>subinermis</span> <span class='ocrx_word' id='word_1_259' title='bbox 1111 2540 1162 2580; x_wconf 92' lang='lat' dir='ltr'>(in</span> <span class='ocrx_word' id='word_1_260' title='bbox 1204 2536 1252 2570; x_wconf 93' lang='lat' dir='ltr'>D.</span> <span class='ocrx_word' id='word_1_261' title='bbox 1298 2542 1445 2569; x_wconf 73' lang='lat' dir='ltr'>larsaco</span> <span class='ocrx_word' id='word_1_262' title='bbox 1488 2548 1545 2570; x_wconf 93' lang='lat' dir='ltr'>n:o</span> <span class='ocrx_word' id='word_1_263' title='bbox 1586 2537 1630 2572; x_wconf 87' lang='grc'>96</span> 
     </span>
    </p>
   </div>
  </div>
 </body>
</html>
