1695 3020
372 189 438 226 48.
471 183 754 227 Mearm-(mia.
810 188 878 226 49.
910 185 1084 227 Hilaro,
1324 190 1403 228 335

80 292 258 329 Femina.-
286 296 376 329 mari
403 294 590 338 descripto
615 295 767 336 similis,
801 295 866 329 sed
902 297 1028 341 paullo
1063 297 1232 341 longior,
1264 299 1403 334 cinera-

129 370 247 400 sccns,
274 368 401 403 opaca,
427 367 569 401 auoque
594 368 664 390 non
689 358 836 392 inflexo.

153 472 191 507 2.
249 465 315 505 M.
341 468 688 517 pecle'ue‘peum's:
720 468 939 519 nigricans3
969 467 1045 506 alis
1073 467 1258 520 hyalinis,
1293 476 1402 510 costa

35 545 260 594 pectinata3
290 540 460 591 pedibus
504 540 644 589 fuscis,
689 543 915 580 melatarsis
958 542 1123 593 posticis
1164 543 1404 584 incrassatis.

37 614 82 668 ῼ.
112 616 254 667 (Long.
284 615 307 667 {-
340 614 442 661 lim).

161 707 362 759 Cyrloma
387 709 664 758 pec-lipenm's
693 705 812 758 Meig.
842 706 950 757 Dipl.
978 708 1017 746 6.
1050 709 1142 746 356.
1172 711 1208 746 5.
1239 704 1284 760 ῼ.

155 798 258 837 Hah.
287 801 327 837 in
356 798 497 838 Succia
527 801 754 846 rarissime,
785 797 833 837 ad
872 797 1023 837 Gusum
1068 798 1337 852 Ostrogothiae
1380 813 1402 839 a

39 873 85 912 D.
124 870 355 924 lValclberg
388 875 574 920 iuventa,
605 872 701 911 mihi
732 884 938 922 nunquam
965 872 1098 911 obvia.

95 964 134 1016 ῼ.
182 975 297 1008 Frons
326 973 413 1012 lata,
440 973 556 1015 nigra,
583 973 714 1015 pilosa.
768 973 919 1007 Thorax
946 974 1184 1007 schistam-us.
1218 973 1404 1008 Abdomen

125 1038 290 1080 nigrum,
318 1046 442 1079 parum
469 1036 639 1079 pilosum.
693 1036 808 1068 Pedes
843 1037 975 1079 postici
1014 1036 1176 1071 nonnihil
1216 1036 1401 1080 elongati,

127 1099 339 1133 metatarsis
365 1098 536 1131 distincte
562 1098 791 1131 incrassatis.
825 1100 972 1132 Alarum
999 1108 1102 1135 costa
1128 1114 1149 1136 a
1170 1104 1246 1136 basi
1274 1103 1401 1136 adme-

129 1163 227 1195 dium
253 1161 392 1196 ciliata.
449 1162 559 1195 Nervi
587 1167 627 1194 ut
651 1162 686 1194 in
714 1163 827 1205 priori
855 1162 1007 1204 directi,
1033 1175 1186 1209 eamque
1220 1167 1266 1199 ob
1299 1177 1402 1199 caus-

127 1236 203 1258 sam
229 1224 320 1257 hanc
344 1226 502 1268 speciem
528 1225 671 1258 meliori
696 1227 780 1268 jure
806 1226 851 1258 ad
895 1225 1180 1269 Mz'crosauiam,
1214 1240 1320 1272 quam
1354 1229 1400 1262 ad

124 1287 401 1332 Plutycnemam
426 1288 653 1321 referendam
681 1295 783 1332 puto,
809 1289 896 1322 licet
921 1292 1118 1334 posteriori
1143 1293 1270 1336 generi
1295 1292 1401 1326 valde

127 1352 238 1384 etiam
263 1351 386 1384 affinis
415 1352 594 1385 videatur.

417 1588 497 1635 49.
571 1586 824 1634 HILARA
864 1587 1014 1647 Mejg.

81 1691 226 1736 Corpus
252 1704 402 1737 parvum
429 1702 493 1729 aut
519 1697 711 1736 minutum,
739 1706 821 1728 raro
849 1695 978 1727 mediae
1004 1694 1265 1737 magnitudinis
1284 1696 1398 1739 (long.

122 1756 233 1801 1—2{
257 1758 358 1799 lim),
385 1759 603 1801 oblongum,
630 1759 872 1802 subpilosum.
921 1757 1027 1790 Oculi
1054 1758 1088 1789 in
1114 1757 1196 1789 viva
1221 1767 1400 1790 aenescen-

126 1828 195 1855 tes,
243 1821 346 1864 Palpi
376 1823 530 1854 recurvi.
579 1823 729 1855 Alarum
754 1832 840 1854 area
866 1820 1078 1853 discoidalis
1103 1821 1125 1854 3
1151 1821 1322 1853 nei-vulos
1364 1822 1398 1853 in

121 1884 318 1927 marginem
344 1885 558 1918 interiorem
585 1886 771 1919 emittens.
814 1884 956 1917 Nervus
981 1884 1092 1917 3ztius
1119 1883 1398 1928 longitudinalis

121 1945 302 1982 fun-catus.
356 1947 467 1980 Color
501 1950 602 1991 niger
636 1949 659 1981 Ι.
694 1949 937 1981 cinei-ascens.
999 1945 1155 1979 Volatus
1189 1952 1246 1980 sat
1279 1948 1397 1982 celer:

124 2014 345 2052 tempestate
372 2021 499 2043 serena
525 2022 644 2043 mares
671 2022 822 2054 vespere
847 2021 957 2053 supra
982 2021 1112 2054 aquam
1148 2010 1171 2042 l.
1207 2011 1241 2042 in
1278 2011 1399 2043 vicini-

123 2076 202 2103 tate
228 2073 308 2115 ejus
333 2072 487 2106 choreas
512 2075 547 2106 in
575 2077 659 2106 aere
693 2075 795 2117 quasi
832 2072 1020 2106 hilaritate
1053 2083 1151 2117 saepe
1185 2060 1397 2107 instituunt.

124 2132 325 2168 Habitatio
350 2136 384 2168 in
411 2136 512 2169 foliis
537 2136 722 2169 fruticum.
752 2137 989 2179 Dipterorum
1016 2137 1194 2169 minorum
1209 2137 1334 2179 rapina
1350 2138 1396 2169 ri-

125 2198 249 2238 etim,
276 2199 347 2231 mel
376 2199 505 2231 florum
520 2210 589 2232 non
603 2210 793 2243 respuens,
821 2197 1131 2242 Metamorphosis
1149 2199 1285 2242 ignota.
1310 2201 1395 2233 Lar-

124 2270 188 2292 vas
214 2262 439 2304 quarundam
466 2263 501 2294 in
527 2273 619 2306 aqua
646 2262 791 2306 (legere,
818 2274 887 2294 non
914 2263 1046 2294 desunt
1072 2262 1245 2294 rationes.
1308 2261 1396 2309 Βίβ-

111 2322 286 2368 ferentia
310 2335 445 2364 sexzcs‚·
471 2336 569 2358 mas:
603 2326 719 2358 oculis
745 2326 779 2358 in
805 2325 927 2358 fronte
953 2326 1144 2369 angustius
1180 2325 1397 2368 disjunctis,

120 2386 313 2420 abdomine
339 2388 555 2432 cylindrico,
582 2399 650 2421 ano
677 2390 823 2428 obtuso,
849 2399 988 2428 crasso,
1014 2388 1115 2420 varie
1139 2389 1395 2432 appendicula-

123 2454 175 2489 to,
203 2451 233 2483 dc
258 2452 471 2484 metatarsis
496 2453 628 2485 anticis
654 2452 857 2495 saepissime
881 2452 1108 2491 incrassatis,
1135 2462 1155 2484 a
1179 2451 1338 2493 femina:
1358 2464 1394 2485 o-

120 2511 212 2544 culis
239 2513 350 2547 latius
375 2515 612 2555 distantibus,
638 2515 830 2547 abdomine
856 2515 1028 2558 oblongo,
1055 2515 1158 2558 apice
1170 2516 1392 2555 acuminato,

118 2574 148 2607 d:
173 2578 385 2610 metatarsis
410 2578 541 2610 anticis
566 2578 807 2621 simplicibus,
834 2577 942 2611 facilc
968 2577 1208 2621 dignoscitur.
