1695 3020
526 184 917 233 DISPOSITIO.
1222 243 1227 247 ,
1330 188 1393 233 47

26 309 64 351 ’ln
104 307 381 344 Antennarum
411 309 494 342 seta
522 316 706 356 superne
738 317 815 344 una
846 307 951 343 serio
976 303 1171 357 plumata.
1202 301 1395 342 Haustcl-

138 380 221 418 lum
254 378 338 417 basi
372 382 529 415 tautum
559 376 849 429 geniculatum.

28 479 119 515 105.
177 472 472 526 Slomoscys·
501 474 653 515 Geoffr.
683 475 798 514 Fabr.
826 475 938 513 Ross.
977 473 1085 512 Lair.
1128 475 1247 527 Meig.
1296 476 1396 516 Fan.

133 546 290 587 Musca
333 547 430 600 Deg.
486 547 656 600 Conops
708 548 822 586 Linn.
871 547 1069 586 Schrank.
1125 547 1394 589 Heemalole'u

142 622 272 672 Macq.

145 694 343 734 Antennae
372 697 663 737 incumbentes.
720 693 890 732 Alarum
920 696 1056 740 nervi,
1087 696 1297 736 auxiliaris
1345 697 1394 737 ad

26 767 202 807 medium
229 775 350 808 costae
381 775 594 816 extensus3
625 767 932 820 longitudinalis
968 770 1074 806 41tus
1117 769 1257 819 paullo
1301 783 1395 810 cur·

28 843 152 881 vatim
181 842 313 881 flexus
340 844 381 881 in
411 844 526 894 apice
555 843 631 881 alae
661 855 752 881 cum
793 853 918 879 nervo
959 842 1100 880 coslali
1145 842 1396 893 conjunctus,

27 915 90 959 ††.
146 913 422 954 Antennarum
452 920 535 953 seta
568 915 686 953 nuda.
743 913 1002 952 Haustellum
1043 912 1393 967 hi-geniculatum.

27 1019 117 1056 106.
177 1011 423 1066 Siphona
467 1015 584 1065 Meig.
627 1013 757 1063 Macq.
814 1011 969 1052 Musca
1023 1011 1118 1066 Deg.
1176 1012 1393 1054 Bucenlex

146 1090 253 1129 Latr.
285 1085 513 1141 Slonwxys
544 1086 660 1126 Fabr.
688 1086 790 1125 Fall.

145 1171 340 1207 Antennae
368 1166 549 1205 deflexae.
606 1166 772 1211 Alarum
817 1166 956 1209 noi-vi,
1006 1162 1215 1202 auxiliaris
1259 1165 1394 1204 brevis

25 1245 93 1283 vix
123 1242 175 1281 ad
214 1241 387 1279 medium
418 1245 539 1279 coslae
570 1245 778 1286 extensus3
809 1237 1114 1290 longitudinalis
1155 1239 1259 1275 4ztus
1299 1239 1394 1277 sub-

24 1315 431 1367 angulum-arcuatim
463 1313 511 1352 ad
543 1315 709 1351 tei-[ium
740 1312 872 1350 flexus
901 1316 1060 1349 etcum
1094 1310 1167 1349 illo
1199 1313 1239 1350 in
1278 1315 1390 1362 apice

25 1389 100 1427 alae
131 1398 350 1427 connexus.

303 1500 305 1505 ’
346 1499 470 1539 FAM.
499 1501 566 1539 21.
594 1497 928 1538 TACHINARIAE
957 1497 1077 1550 Meig.

70 1597 242 1627 Antennae
269 1591 426 1624 articulo
452 1590 583 1622 ultimo
609 1590 816 1632 saepissime
841 1589 1037 1632 elongato,
1074 1592 1266 1627 truncato,
1311 1595 1391 1622 seta

116 1656 214 1689 nuda
239 1661 305 1688 aut
329 1653 592 1696 mici-oscopice
617 1653 851 1695 pubescente.
901 1652 1007 1684 Oculi
1034 1651 1246 1695 plerumque
1281 1652 1391 1690 nudi,

116 1719 301 1752 interdum
328 1717 428 1756 hirti,
455 1724 600 1758 semper
625 1715 855 1755 unicolores3
881 1715 916 1747 in
943 1714 1078 1746 semina
1103 1714 1233 1746 saltem
1256 1715 1390 1746 distan-

115 1788 183 1815 tes,
230 1782 326 1814 Alae:
352 1782 459 1813 unico
487 1782 628 1811 tantum
655 1787 766 1810 nei-vo
793 1778 827 1809 in
854 1779 1052 1820 marginem
1086 1777 1297 1809 interiorem
1333 1777 1391 1808 de-

115 1844 323 1877 scendente.
371 1842 557 1875 Abdomen
581 1838 856 1881 4-annu1atum‚
892 1841 1091 1884 segmentis
1126 1839 1303 1882 margine-
1326 1848 1393 1870 sae-

115 1908 268 1952 pissime
293 1911 469 1938 setosum.
502 1902 692 1946 Imagines
716 1903 970 1936 velocissimae.
1021 1901 1099 1936 Ova
1124 1908 1189 1934 aut
1213 1903 1248 1934 in
1277 1902 1390 1934 larvis

117 1971 275 2003 aliorum
300 1969 538 2005 insectorum,
564 1970 629 1998 aut
654 1967 689 1998 in
712 1966 894 2000 radicibus
914 1966 1121 2010 plantarum
1143 1965 1390 2008 deponuntur.

116 2051 212 2085 Sect.
237 2051 269 2085 1.
300 2050 474 2083 Antennae
505 2047 652 2090 oblique
672 2046 823 2079 deflexae
841 2047 961 2089 (apice
972 2047 1017 2079 ab
1028 2047 1250 2090 epistomate
1263 2047 1389 2089 paullo

27 2114 221 2155 elevatae),
247 2110 406 2145 articulo
431 2110 564 2142 ultimo
589 2110 820 2142 antecedenti
845 2110 970 2142 latiori
1013 2110 1044 2143 dc
1084 2109 1256 2143 breviori.
1305 2108 1392 2142 Seta

26 2177 288 2212 triarticulata.
335 2172 521 2207 Abdomen
547 2172 928 2206 rotundato-ovatum.
963 2173 1071 2205 Oculi
1095 2171 1202 2212 nudi,
1227 2173 1262 2204 in
1290 2181 1390 2204 mare

25 2236 354 2285 subapproximati.
401 2233 535 2268 Larvae
559 2235 749 2278 parasitae.

28 2332 118 2368 107.
174 2326 220 2367 E
226 2341 248 2366 c
257 2326 284 2366 Ιι-
297 2332 347 2368 in
361 2341 384 2367 ο
397 2341 430 2366 m
441 2340 468 2380 y
482 2330 500 2367 ι’
509 2340 536 2367 α
565 2325 760 2364 Βυῐῃὲι·ὶ1.
776 2324 882 2364 Latr.
901 2323 1029 2375 Maeq.
1045 2323 1162 2375 Meig.
1177 2323 1318 2383 Suppl.
1336 2344 1389 2350 —

149 2400 337 2441 Tuclu'tm
375 2401 494 2452 Meig.
536 2398 566 2437 F
568 2399 653 2438 abr.
695 2398 796 2438 Fall.
844 2395 1001 2435 Musca
1041 2396 1153 2436 Linn.
1196 2396 1391 2436 Schrank.

141 2475 236 2527 Deg.
266 2476 394 2515 Rossi.
425 2473 542 2513 Panz.

149 2548 285 2587 Facies
317 2547 496 2586 vibrissis
524 2543 767 2585 lateralibus
797 2543 933 2584 nullis.
990 2541 1108 2581 Oculi
1141 2540 1180 2576 in
1213 2543 1388 2587 utroque
