1695 3020
427 638 1031 695 PRAEMONENDA.

46 796 290 894 Quamdiu
324 848 549 895 vinculum,
580 862 662 901 quo
692 852 842 890 insecta
873 854 1090 900 ceteraque
1122 854 1275 888 naturae
1314 860 1406 899 pro-=

40 910 163 948 ducta
194 908 297 945 inter
326 917 367 943 sc
400 906 538 942 intime
567 911 886 953 connectuntur,
915 904 1086 952 latebat,
1117 906 1274 956 ipsique
1313 915 1408 942 eru-

44 965 117 1004 diti
150 963 291 1001 horum
322 959 658 1000 animalculorum
689 963 945 1001 innumerum
973 972 1113 1012 agmen
1145 959 1184 998 (Ω
1222 960 1409 999 diversis-

41 1022 161 1059 simas
190 1018 338 1056 formas
367 1019 522 1054 tantum
554 1022 597 1053 ut
638 1018 918 1056 curiositatem
962 1021 1117 1054 naturae
1159 1013 1408 1065 contempla-

45 1075 192 1114 bantur
221 1076 291 1111 aut
326 1071 375 1109 ad
418 1083 617 1110 summum
660 1072 929 1124 agnoscebant
971 1083 1111 1109 eorum
1159 1071 1224 1109 vel
1270 1072 1408 1108 imme-

45 1130 196 1169 diatam
227 1127 441 1166 utilitatem
489 1131 533 1163 ut
581 1129 873 1167 nutrimentum
917 1138 990 1179 pro
1034 1126 1275 1166 animalibus
1318 1137 1410 1177 per-

47 1184 306 1228 fectioribus,
338 1181 403 1220 vel
436 1194 603 1227 noxam,
633 1195 754 1233 quam
785 1183 950 1222 illorum
981 1181 1106 1220 larva}
1120 1182 1247 1229 silvis,
1270 1183 1407 1232 pratis,

46 1242 150 1293 agris
179 1237 219 1277 (Ω
250 1238 377 1276 hortis
413 1237 652 1288 vegetabilia
697 1238 966 1279 consumendo
1009 1237 1209 1284 inserunt,
1256 1237 1406 1275 tamdiu

45 1308 123 1335 non
168 1293 415 1336 mirandum,
459 1293 490 1330 si
539 1292 718 1332 studium
762 1293 996 1334 animalium
1039 1294 1299 1343 superiorum
1351 1293 1409 1329 sic

43 1352 163 1390 dictis
207 1348 466 1388 inferioribus
510 1353 850 1398 anteponeretur,
893 1347 933 1387 ά
975 1347 1174 1399 Zoologus
1213 1349 1409 1399 quisquc,

43 1406 313 1457 cognitionem
344 1404 585 1441 insectorum
616 1404 896 1453 specialiorem
919 1404 1274 1454 collectoriatque
1291 1415 1411 1442 oecov

45 1471 165 1499 nomo
192 1459 446 1508 relinquens,
478 1459 560 1507 ipse
591 1458 630 1494 in
662 1460 744 1497 suis
773 1457 1164 1510 perscrutationibus
1202 1458 1411 1496 vertebra-

45 1521 179 1554 torum
208 1513 368 1553 cohorti
396 1514 600 1563 praecipue
632 1514 932 1564 adquiesceret,
977 1514 1061 1552 fere
1107 1513 1249 1551 eodem
1293 1514 1412 1551 unius

46 1573 173 1622 partis
202 1567 319 1608 modo
349 1580 396 1606 ac
424 1569 455 1606 si
487 1567 702 1607 Botanicus
745 1570 973 1621 plantarum
1018 1569 1411 1620 cryptogamicarum

45 1625 368 1677 disquisitionem
401 1624 727 1674 microscopieam
760 1624 1028 1677 vilipendenS,
1059 1624 1412 1675 phanerogamica-

47 1694 136 1721 rum
168 1679 302 1718 studio
331 1678 457 1716 solam
487 1690 651 1728 operam
679 1686 857 1720 navaret.

158 1787 237 1826 Sed
270 1793 392 1839 prout
421 1793 668 1827 scrutatores
698 1789 815 1827 simul
850 1788 1095 1839 incipiebant
1124 1790 1272 1839 partim
1288 1789 1412 1839 magis

49 1844 254 1894 magisque
285 1845 550 1893 introspicere
581 1845 824 1884 insectorum
858 1845 938 1882 vim
969 1843 1007 1880 ὦ
1051 1856 1167 1882 usum
1211 1845 1249 1881 in
1294 1855 1412 1882 oeco-

47 1899 179 1936 nomia
211 1903 363 1936 naturae
394 1903 505 1949 (quae
531 1898 612 1949 jam
642 1913 690 1938 ex
723 1899 916 1950 stupenda
960 1898 1220 1937 multitudine
1259 1900 1412 1949 specie—

47 1965 138 1992 rum
169 1951 207 1991 (Ω
238 1953 539 1993 individuorum
570 1955 859 2006 conjiciantur)
891 1960 969 1993 tam
1002 1957 1158 1993 ratione
1188 1954 1325 1993 habita
1362 1953 1412 1992 ad

47 2007 209 2059 reliqua
240 2008 450 2055 animalia,
481 2021 601 2059 quam
633 2011 680 2049 ad
712 2012 941 2061 plantarum
974 2011 1115 2055 vitam,
1149 2008 1414 2048 foecundatio-

50 2076 139 2102 nem
171 2062 209 2101 ά·
239 2064 493 2115 quarundam
525 2066 753 2111 interitum,
785 2067 929 2115 partim
961 2066 1137 2103 examini
1166 2065 1413 2103 adcuratiori

49 2118 250 2168 subjicere
280 2119 530 2157 diversarum
561 2123 742 2171 corporis
772 2122 945 2170 partium
978 2125 1202 2167 texturam,
1236 2125 1415 2159 structu-

49 2186 160 2219 ram,
190 2175 311 2212 situm
343 2173 382 2212 (ξι
411 2177 736 2225 proportionem,
766 2176 842 2214 sub
872 2187 954 2226 quo
983 2177 1225 2214 scrutamine
1268 2174 1415 2214 diluci-

47 2229 158 2267 datio
201 2229 507 2268 fenomenorum
552 2232 727 2270 animum
772 2243 820 2269 eo
865 2233 987 2282 magis
1032 2233 1282 2282 intercipiat,
1331 2243 1414 2282 quo

51 2285 202 2323 minora
234 2285 385 2322 suerint
413 2284 569 2334 objecta
602 2285 641 2324 ὡ
669 2287 902 2332 subtiliora,
934 2286 1173 2337 tandemque
1203 2288 1414 2338 perspicue

49 2340 252 2378 extricare
283 2352 363 2377 non
392 2339 522 2377 solum
561 2341 754 2392 insignem
801 2342 1063 2387 anomaliam‚
1109 2355 1248 2380 verum
1292 2343 1413 2380 etiam

49 2394 232 2433 ordinem
265 2393 303 2432 (Z
332 2406 516 2446 scopum,
548 2407 638 2446 quae
669 2409 710 2436 se
740 2396 916 2448 produnt
945 2398 984 2436 in
1016 2397 1161 2435 horum
1199 2398 1415 2435 minutissi-

51 2461 208 2488 morum
240 2452 393 2488 entium
426 2452 758 2503 metamorphosi,
793 2454 901 2491 victu
935 2451 974 2490 (Q
1005 2452 1072 2490 tali
1097 2454 1194 2491 artis
1209 2454 1414 2495 instinctu,

49 2505 182 2553 qualis
226 2506 264 2542 in
309 2507 445 2555 paucis
486 2509 743 2554 superiorum
788 2508 1020 2545 animalium
1066 2507 1413 2556 deprehendatur,
