1695 3020
350 174 391 215 7.
423 170 697 228 Stratiomys.
754 178 791 215 8.
826 174 1041 228 oxycera.
1307 177 1389 215 111

147 281 263 322 Fabr.
291 284 399 328 Antl.
427 286 493 323 81.
521 286 586 323 25.
616 283 730 323 PanZ.
762 283 831 323 Fn.
861 288 927 325 58.
959 287 1022 322 18.
1052 281 1153 325 Fan.
1180 284 1301 326 strat.
1328 289 1393 325 10.

27 357 65 395 6.
95 351 179 408 ςζᾩ.
208 357 327 410 Meig.
362 358 470 410 Dipt.
499 361 536 396 3.
584 359 674 395 149.
718 359 782 395 16.
825 355 908 409 ἆᾩ.
958 356 1243 408 Odoulomyia
1286 358 1394 397 Lair.

27 428 127 470 Gen.
154 433 192 470 4.
220 434 313 471 275.
342 431 471 482 Macq.
502 430 603 470 Buff.
635 433 669 469 l.
698 432 793 469 217.
824 433 889 471 10.
918 427 1003 482 ςῖῼ.

146 521 251 563 Hab.
279 525 320 562 in
359 522 529 561 fioribus
573 520 613 560 d'c.
656 521 808 573 plantis
847 520 1051 573 paludosis
1093 533 1166 572 pei·
1209 520 1392 562 Sveciam

29 597 335 636 meridionalem
364 595 404 635 ά
434 596 606 636 mediam
651 607 782 647 usque
827 595 876 634 ad
921 594 1227 643 Jemtlandiarn,
1273 608 1397 634 menS.

31 670 142 710 Julio
172 669 211 708 (Q
241 669 364 723 Aug„
395 670 548 722 ubique
574 669 773 723 vulgaris;
803 669 961 709 scilicet
991 669 1030 707 in
1076 668 1240 716 scania,
1284 669 1397 708 Sino-

31 745 187 792 landia,
217 743 496 796 ostrogothia,
526 732 695 783 &landia
729 742 767 782 ἀ
796 741 991 794 Uplandia
1024 740 1261 791 frequenter
1290 745 1396 781 visa:

30 819 73 858 in
101 817 332 857 Gottlandia
362 817 412 857 ad
441 817 761 869 Martebo-Myr3
792 816 831 855 (50
861 819 903 855 in
931 815 1172 855 Jemtlandia
1203 817 1251 854 ad
1270 817 1396 868 Berge

32 893 75 932 in
99 890 239 939 Alsen,
268 903 342 929 nec
369 903 448 929 non
474 892 517 929 in
547 890 787 942 Mullsjellet
807 892 969 941 parcius
993 891 1117 936 lecum
1142 892 1181 928 in
1197 888 1397 941 Norvcgia

33 965 83 1006 ad
112 965 296 1017 Thynaes.
324 988 378 993 —
407 963 451 1002 In
480 965 626 1016 copula
656 990 710 996 —-

92 1053 180 1108 ἅῼ.
226 1064 482 1107 Magnitudine
508 1066 634 1110 paullo
660 1068 791 1107 variat,
818 1068 1002 1111 prioribus
1029 1077 1172 1110 semper
1196 1066 1327 1099 minor.
1354 1065 1400 1097 O·

126 1129 197 1161 culi
224 1128 338 1166 aenei,
364 1130 508 1171 punctis
534 1130 701 1173 pluribus
727 1130 787 1172 (12
812 1140 926 1174 usque
951 1130 996 1162 ad
1020 1127 1065 1165 40
1091 1130 1121 1163 de
1154 1129 1270 1167 ultra)
1304 1128 1397 1160 inor-

122 1191 258 1225 dinatis
285 1191 451 1235 lineaque
476 1193 595 1226 media
621 1198 831 1226 transversa
853 1194 994 1238 postice
1006 1190 1398 1236 abi-upta‚purpu1·eis,

126 1254 530 1299 caeruleo-marginatis.
580 1257 699 1301 Caput
732 1269 813 1291 cum
849 1258 1016 1290 antennis
1059 1255 1294 1293 subobtusis,
1336 1262 1401 1285 nec

129 1323 522 1363 deflexo-acuminatis,
547 1324 583 1355 in
610 1330 766 1368 utroque
791 1335 880 1358 sexu
906 1325 1061 1367 nigrum,
1086 1324 1122 1355 in
1148 1311 1179 1365 ῼ
1215 1325 1402 1353 aureo-to-

71 1400 76 1407 ·
129 1396 347 1422 mentosum.
397 1388 549 1423 Thorax
574 1391 608 1422 in
636 1378 665 1433 ῼ
700 1401 844 1434 qnoque
877 1395 1267 1423 aureo-tomentosum.
1316 1386 1402 1419 Scu-

133 1453 263 1486 tellum
289 1454 324 1485 in
352 1458 509 1496 utroque
535 1463 623 1486 sexu
650 1454 792 1498 nigrum
818 1453 1115 1492 immaculatum,
1139 1451 1254 1495 spinis
1280 1450 1404 1493 parvis

132 1515 294 1559 pallidis.
340 1516 457 1549 Pedes
483 1517 632 1559 pallidi,
658 1517 859 1550 femoribus
884 1517 962 1549 basi
988 1515 1171 1549 interdum
1196 1513 1404 1546 infuscatis.

89 1588 179 1622 Var.
205 1589 238 1622 b.
259 1577 305 1633 ῼ.
331 1590 452 1633 capite
479 1590 704 1634 thoraceque
736 1590 1174 1635 argenteo-tomentosis,
1212 1587 1405 1620 abdomine

132 1652 269 1693 albido,
293 1661 406 1696 supra
431 1654 524 1686 vitta
549 1654 700 1687 dentata
724 1655 845 1687 antice
869 1655 1078 1696 interrupta
1103 1651 1154 1693 (h.
1189 1661 1220 1684 e.
1264 1650 1407 1683 macula

133 1715 170 1748 in
196 1725 310 1758 segm.
337 1716 356 1750 1
383 1717 413 1748 dc
436 1718 458 1750 2
483 1716 682 1759 discreta),
709 1719 851 1762 postice
876 1717 1102 1751 subdilatata
1128 1715 1243 1758 nigra.
1267 1731 1312 1738 —
1344 1713 1407 1745 Ac-

136 1779 235 1811 cedit
261 1777 298 1810 S-
322 1778 537 1812 subvittatae
562 1781 673 1824 Meig.
701 1799 743 1808 --
766 1782 804 1814 In
831 1781 1022 1825 paludosis
1046 1778 1091 1812 ad
1127 1777 1327 1811 Wadstena
1361 1777 1408 1809 Ο-

135 1841 355 1885 sti-ogothiae
375 1843 488 1878 7—23
509 1843 581 1876 Jul.
607 1845 727 1876 rarius
752 1855 774 1876 a
798 1855 855 1879 me
881 1846 988 1878 lecta.
1013 1861 1059 1869 -—
1092 1841 1298 1885 Speciinina
1331 1838 1409 1873 Str.

136 1902 301 1942 viridulae
325 1915 401 1938 var.
427 1916 449 1938 a
473 1906 629 1939 feminea
655 1909 747 1940 vitta
780 1908 985 1942 abdominis
1025 1907 1130 1950 nigra
1171 1904 1278 1936 valde
1320 1903 1409 1935 dila-

143 1974 223 2002 tata
248 1968 396 2002 dorsum
422 1969 500 2002 fere
527 1975 669 2011 totum,
694 1971 826 2003 saltem
853 1973 1015 2017 postice,
1041 1972 1244 2011 occupante
1268 1967 1342 2000 vidi
1366 1985 1411 1991 -

434 2196 481 2244 8.
538 2194 851 2244 oxYCERA
885 2196 1034 2256 Meig.

98 2304 242 2350 Corpus
282 2307 435 2341 minoris
476 2306 759 2350 magnitudinis,
803 2307 1149 2350 oblongo-ovatum,
1201 2301 1414 2335 tenuissime

143 2372 368 2414 pubescens,
393 2369 587 2403 abdomine
631 2368 827 2412 depresso,
873 2369 1084 2402 rotundato.
1136 2367 1247 2401 Color
1290 2366 1414 2408 niger,

142 2437 288 2480 pictura
313 2433 476 2468 thoracis
501 2434 689 2474 vittatim,
723 2433 1000 2476 abdominisque
1042 2432 1226 2465 fasciatim
1268 2429 1325 2461 vel
1369 2426 1414 2459 ad

146 2500 265 2532 latera
289 2497 514 2538 maculatim,
538 2496 631 2529 flava
655 2497 712 2529 vel
738 2497 860 2532 viridi.
897 2494 1006 2529 Motu
1032 2506 1159 2540 parum
1185 2494 1304 2538 agilis.
1338 2489 1416 2522 Ha-

148 2562 281 2599 [vitatio
307 2562 342 2595 in
368 2561 468 2594 foliis
492 2560 686 2601 fruticum,
713 2561 772 2593 ubi
809 2560 1015 2604 tranqvillae
1057 2560 1186 2592 sedent
1226 2555 1414 2598 imagines.
