1695 3020
256 176 307 214 Vl

259 286 415 327 bricius
461 286 500 323 in
552 285 723 337 System.
774 285 1069 326 Antliatorum:
1126 288 1231 324 1117
1288 289 1413 327 totius
1464 287 1625 335 mundi,

262 340 417 382 flamm
445 342 484 378 in
516 340 692 392 Dipteris
719 341 919 380 Suecieis:
950 344 1052 390 845,
1092 339 1326 394 Mucqmn
1374 346 1414 383 in
1458 343 1558 382 Suit.
1602 357 1623 382 a

263 398 423 437 Bull'on:
454 398 584 444 3120,
616 395 655 434 d:
685 393 859 449 Mee'geu
891 399 930 436 in
961 398 1169 450 Zweissng.
1197 398 1273 437 lus.
1311 401 1473 439 circiter
1518 401 1626 437 »1591

261 466 332 505 per
364 456 487 490 totam
518 451 720 503 Europam
749 455 949 505 cognitas,
987 453 1310 505 descripserunt,
1360 455 1455 493 mihi
1499 456 1628 494 conti·

261 511 314 561 git
349 513 393 546 ut
421 509 587 548 circiter
618 511 726 546 3100
756 507 878 559 hujus
919 509 1071 548 ordinis
1113 512 1269 560 species
1311 509 1454 549 Faunae
1498 510 1627 548 solum

260 563 533 604 Scandinaviae
564 563 823 603 introducere
853 567 1067 614 potuerim.
1126 565 1334 616 Blekingia
1368 578 1488 613 vero,
1529 564 1628 603 Hal-

263 620 392 658 landia
439 620 656 664 interiore,
703 618 886 657 Babusiae
929 619 1138 659 littoribus
1190 623 1374 668 marinis,
1427 620 1628 672 Norvegia

264 674 521 714 meridionali
552 673 591 711 ά
621 673 836 724 Lapponiis
868 675 1010 714 mediis
1037 679 1261 726 praesertim
1292 677 1453 715 Lulensi
1484 675 1523 713 ά·
1567 676 1630 714 Pi-

267 733 364 769 tensi
410 731 580 781 propius
623 730 872 781 investigatis
914 729 1022 769 hunc
1066 744 1278 770 numerum
1332 734 1370 771 in
1424 737 1630 784 posterum

265 793 428 826 auctum
465 785 747 836 proditurum,
789 787 884 824 satis
926 786 1124 838 intelligO.
1179 787 1236 825 Ex
1282 786 1636 826 observationibus

267 849 399 882 tamen
444 843 549 880 circa
596 840 849 891 cognitarum
895 845 1121 893 specierum
1166 843 1437 881 differentiam
1489 854 1632 889 sexus,

267 897 627 948 metamorphosin,
659 897 743 934 loca
775 897 944 944 natalia,
982 899 1257 937 extensionem
1303 899 1634 950 geographicam,

267 954 461 1000 limitem,
492 957 651 1002 tempus
679 951 871 999 florendi,
902 965 1034 991 mores
1064 952 1139 991 ἀρ..
1168 954 1286 991 simul
1318 953 1533 1005 diligenter
1575 954 1636 991 in-

266 1010 433 1054 stitutiS‚
463 1007 614 1059 quibus
641 1019 781 1045 earum
813 1008 905 1046 vitae
935 1008 1636 1055 conditiolucnilmuiusinnotescat,

266 1077 425 1116 semper
454 1062 582 1113 majus
611 1062 771 1101 lucrum
803 1061 841 1099 (Ε
871 1065 1188 1103 emolumentum
1218 1066 1396 1104 scientia:
1435 1064 1637 1102 redunda-

267 1134 333 1167 re,
364 1133 483 1171 quam
513 1131 562 1157 ex
593 1118 754 1157 detecto
784 1119 849 1157 vel
879 1121 1175 1170 conquisitione
1207 1132 1428 1167 novarum,
1458 1119 1508 1158 de
1545 1120 1637 1171 qui—

269 1177 345 1230 bus
384 1175 482 1214 nihil
527 1174 702 1225 amplius
743 1173 879 1213 dicere
924 1175 1117 1221 haberes,
1161 1186 1303 1226 quam:
1346 1173 1546 1214 habitant
1593 1177 1636 1213 in

272 1231 581 1277 scandinavia,
614 1230 669 1268 fas
698 1231 750 1268 sit
778 1231 1038 1269 contendere.
1094 1230 1134 1268 Si
1166 1231 1289 1282 igitur
1329 1231 1425 1269 mihi
1469 1231 1638 1281 contigit

269 1285 344 1326 hac
376 1288 531 1326 ratione
563 1284 719 1336 aliquid
750 1285 942 1335 ponderis
968 1287 1117 1325 afferre
1149 1287 1188 1325 id
1220 1285 1304 1325 fere
1325 1286 1514 1325 nucleum
1539 1297 1637 1336 ope-

270 1344 326 1381 ris
356 1342 503 1382 habere
535 1340 697 1379 vellem.

387 1461 428 1499 ln
459 1464 561 1500 serie
587 1458 843 1512 systematica
877 1456 1167 1510 Bi·acleycera3
1196 1459 1337 1498 ordine
1377 1460 1527 1510 primas
1568 1458 1640 1496 de-

272 1518 444 1563 lineavi,
487 1518 586 1556 lieet
631 1514 930 1555 Nematoceroe
987 1515 1228 1566 (Tipulariae
1284 1514 1441 1560 Aucto,
1496 1518 1640 1564 utpote

271 1574 471 1612 antennis
502 1571 541 1610 ἁ
568 1571 709 1623 pulpis
740 1571 866 1622 magis
895 1569 1111 1620 explicatis
1137 1570 1356 1622 gaudentes
1385 1569 1510 1620 vulgo
1549 1581 1641 1620 per-

272 1630 462 1669 fectiores
490 1628 637 1667 habita}
669 1627 820 1665 t'uerint
850 1624 889 1663 ά·
919 1630 964 1663 ut
995 1626 1094 1664 tales
1123 1626 1231 1677 apud
1259 1625 1545 1676 Systematicos
1588 1637 1635 1662 ex

274 1697 385 1723 more
415 1685 586 1734 primam
616 1683 855 1722 divisionem
902 1683 1161 1720 constituant.
1217 1681 1294 1720 Sed
1341 1686 1486 1731 praeter
1531 1679 1639 1731 quod

273 1739 400 1789 major
429 1739 614 1777 evolutio
643 1743 849 1777 certorum
879 1749 1122 1789 organorum
1167 1737 1496 1788 postpositionem
1541 1735 1642 1773 alio-

274 1808 362 1833 rum
396 1794 638 1845 plerumque
671 1793 837 1844 prodat,
868 1791 1204 1843 quemadmodum
1237 1794 1277 1831 in
1315 1789 1641 1838 Nemaloceris,

275 1851 426 1901 quibus
455 1850 695 1888 normaliter
725 1847 872 1887 desunt
904 1853 1076 1887 slalura
1108 1848 1186 1887 a‘lla
1230 1848 1424 1899 corporis
1466 1843 1642 1884 robusta

275 1905 313 1943 ά
333 1903 490 1954 firma,
524 1910 749 1943 armamra
766 1901 913 1951 fortir
943 1902 982 1942 (Ε
1019 1903 1189 1950 valida,
1229 1901 1396 1941 colores
1441 1899 1643 1940 determi-

275 1964 373 2000 nala'
399 1959 439 1999 ά
466 1963 723 2008 vivaciores,
755 1959 906 2010 quibus
943 1958 1205 2010 praecellunt,
1249 1961 1446 1996 ornantur
1490 1954 1529 1993 ά·
1573 1967 1645 1993 no—

275 2016 490 2055 bilitantur
524 2013 823 2066 Broc-hyrene,
855 2014 1027 2066 ideoque
1058 2014 1189 2052 adhuc
1218 2011 1456 2062 subjudice
1498 2012 1549 2050 sit
1593 2024 1644 2049 an

276 2085 353 2110 non
386 2074 425 2110 in
453 2071 513 2109 his
542 2083 707 2122 quoque
737 2068 865 2119 major
895 2071 1155 2121 perfectionis
1183 2069 1329 2120 gradus
1357 2068 1552 2113 obtineat,
1604 2068 1643 2104 in

279 2129 385 2165 omni
417 2140 512 2165 casu
542 2127 967 2165 convenientissimum
997 2125 1242 2164 crediderim
1273 2124 1493 2162 sectionem
1534 2124 1645 2172 lypi-

279 2196 363 2221 ‹:am
406 2185 444 2221 in
489 2183 620 2231 capite
662 2182 911 2232 systematis,
953 2180 1223 2220 dichotomice
1267 2178 1465 2223 absoluti,
1510 2177 1644 2214 locum

280 2239 477 2276 habuisse.
534 2236 630 2275 Cum
664 2247 760 2274 vero
792 2237 898 2273 inter
927 2247 1066 2274 omnes
1094 2239 1248 2274 constat
1281 2236 1464 2285 typicum
1496 2244 1574 2270 non
1607 2233 1646 2270 in

281 2307 382 2332 raro
414 2292 453 2331 ά
482 2291 700 2343 singulari
709 2322 718 2338 ,
747 2290 819 2328 sed
852 2293 890 2329 in
923 2292 1107 2330 maxime
1137 2291 1348 2327 communi
1387 2287 1427 2325 da
1472 2286 1652 2336 vulgari

281 2349 564 2400 quari-endum,
595 2349 782 2398 sequitur
814 2348 934 2385 etiam
969 2342 1281 2395 Bran-hyemes,
1321 2355 1412 2393 quae
1459 2353 1647 2381 numero-

280 2407 450 2443 sissimas
480 2403 517 2441 ‹i-
549 2403 893 2452 frequentissimas
920 2401 995 2439 sub
1024 2412 1064 2438 sc
1096 2398 1443 2450 comprehendunt
1485 2398 1648 2442 formas,

283 2462 448 2510 lypt'cas
480 2459 655 2497 efficere.
711 2457 752 2495 Si
798 2456 993 2509 ejusmodi
1039 2456 1238 2506 principio
1283 2454 1429 2492 ductus
1469 2451 1647 2504 regulam

283 2516 383 2553 hane
414 2514 643 2566 specialiori
675 2514 781 2551 casui
811 2514 1072 2553 accomodare
1102 2510 1249 2555 velles,
1290 2509 1397 2560 quod
1442 2509 1561 2546 etiam
1610 2508 1650 2544 in
