1695 3020
513 209 579 246 60.
617 205 890 261 Dolz‘cleopus.
1301 208 1380 245 601

20 315 246 364 coloribus,
276 317 440 366 posticis
468 317 658 361 cinereis,
689 317 807 354 tarsis
836 316 980 367 nigriS,
1012 314 1051 353 ἀ
1085 316 1126 353 in
1171 327 1283 353 mare
1326 314 1384 352 fe-

25 390 206 428 moribus
233 389 480 428 intermediis
505 389 647 427 subtus
676 390 902 438 interrupte
932 388 1088 439 pilosis,
1125 387 1234 426 tibiis
1279 385 1384 436 ejus-

24 462 115 500 dcm
147 474 253 512 paris
282 464 476 513 angustis,
505 462 793 508 subnexuosis,
824 463 1015 510 utrinque
1047 471 1168 510 parce
1204 459 1385 509 spinulo-

25 536 88 571 sis.
116 531 165 583 (ζ.
195 534 337 585 (Long.
368 536 436 572 vix
468 536 490 570 1
522 534 626 579 lin.).

145 611 246 650 Hab.
276 615 316 650 in
345 612 489 651 Suecia
519 611 774 651 meridionali
805 612 1023 658 rarissime;
1055 613 1095 649 in
1133 610 1384 662 plantatione

23 683 71 721 ad
104 684 296 733 praedium
328 685 562 736 Bjornslorp
592 686 744 724 Seaniae
775 685 839 723 die
868 686 923 722 24
942 685 1088 734 Sept.a
1109 685 1156 723 D.
1176 682 1385 723 Dahlbom

28 756 225 794 inventus.
255 781 306 786 —
337 757 420 795 Sub
451 759 610 796 nomine
636 756 899 796 ssleclelerns
929 760 1109 808 armz‘pes
1139 770 1160 795 a
1191 757 1238 796 D.
1270 753 1386 794 Stce-

22 840 105 878 ger
149 841 170 866 e
214 829 338 868 Dania
384 842 548 880 quoque
591 832 921 868 communicatus.
969 853 1021 858 —-
1075 829 1134 866 Ad
1187 827 1387 878 Wittangi

24 900 240 951 Lapponiae
269 902 483 941 Tornensis
513 903 550 940 d.
581 906 633 940 10
662 902 751 940 Jun.
782 904 887 940 1821
924 902 1177 940 individuum
1222 901 1387 939 unicum

26 975 66 1011 in
95 976 286 1012 socictate
317 988 408 1013 cum
438 973 495 1013 D.
526 973 689 1013 scambo
721 977 840 1013 etiam
867 975 1028 1013 lectum.

80 1046 128 1097 J.
155 1057 272 1089 Priori
301 1059 432 1089 iterum
460 1057 564 1088 valde
604 1058 757 1097 similis,
801 1057 1051 1100 magnitudine
1093 1065 1180 1088 vero
1225 1052 1388 1087 nonnihil

117 1120 276 1158 minore,
304 1121 469 1151 antennis
495 1121 747 1160 brevioribus,
774 1121 996 1160 minoribus,
1024 1121 1125 1152 coxis
1151 1118 1282 1150 anticis
1297 1117 1388 1148 totis

116 1181 356 1224 ferrugineis,
383 1182 583 1215 femoribus
608 1183 836 1215 intermediis
863 1184 992 1215 subtus
1026 1193 1098 1215 uua
1141 1182 1237 1214 serie
1278 1181 1389 1211 inter-

117 1251 225 1287 rupte
251 1246 365 1287 rigide
391 1246 660 1288 nigro-pilosis,
689 1246 787 1277 tibiis
824 1246 1050 1277 intermediis
1094 1243 1390 1287 angustioribus,

119 1306 252 1345 fuscis,
297 1317 360 1338 nec
404 1308 528 1345 ssavis,
572 1308 783 1338 metatui-sis
825 1308 1052 1339 intermediis
1093 1307 1284 1345 brevibus,
1326 1303 1391 1336 sed

119 1370 248 1407 rectis,
276 1370 305 1401 ἀ·
330 1369 530 1400 femoribus
557 1369 707 1410 posticis
732 1369 861 1400 subtus
882 1369 1007 1409 nudis,
1027 1379 1091 1401 nec
1113 1369 1270 1407 cuiatis,
1292 1371 1391 1398 certe

123 1431 329 1462 distinctus.
354 1448 397 1454 -
422 1431 496 1462 Alae
514 1430 804 1470 ,subinfuscatae,
832 1436 965 1473 puncto
992 1432 1027 1463 in
1054 1441 1163 1463 nervo
1188 1429 1264 1464 litto
1307 1437 1392 1460 mox

118 1502 210 1535 pone
237 1502 384 1524 nervum
410 1498 657 1524 transversum
692 1493 806 1526 fusco.
856 1495 1010 1526 Femora
1051 1492 1268 1525 intermedia
1312 1490 1392 1522 sub-

122 1560 181 1587 tus
208 1555 290 1596 piiis
317 1555 463 1586 circiter
489 1555 531 1588 16
556 1555 703 1598 rigidis,
738 1557 850 1598 nigris
886 1557 1102 1598 interruptis
1144 1560 1294 1593 ornata,
1340 1553 1394 1584 ita

121 1622 163 1650 ut
187 1618 223 1649 in
250 1617 368 1648 medio
394 1617 543 1649 femoris
570 1619 633 1660 pili
661 1618 813 1656 10-11,
842 1619 870 1650 ἀ
896 1623 980 1649 ante
1013 1619 1152 1660 apicem
1187 1615 1287 1656 4—6,
1318 1624 1392 1647 cer-

119 1688 264 1712 uantur.
313 1680 428 1712 Frons
456 1689 650 1713 aenesceuS.
699 1682 890 1723 Epistoma
917 1679 1105 1722 pallidum.

86 1743 127 1794 ῼ,
158 1754 246 1784 mari
275 1753 456 1795 descripto
482 1753 632 1791 similis,
661 1754 723 1785 sed
751 1754 916 1785 diversa:
958 1752 1208 1796 magnitudine
1243 1749 1393 1782 dimidio

121 1817 279 1855 minore,
308 1816 458 1858 pedibus
483 1816 710 1848 intermediis
736 1817 984 1859 simplicibus,
1012 1815 1203 1859 pilosulis,
1229 1824 1298 1845 non
1325 1812 1394 1854 spi-

121 1879 281 1917 nulosis,
310 1879 343 1909 in
372 1883 477 1920 prato
504 1878 652 1910 humido
675 1880 783 1920 juxta
808 1880 962 1911 rivulum
989 1879 1034 1911 ad
1080 1875 1395 1911 Hiiradshammar

125 1940 376 1982 Ostrognthiae
401 1951 421 1971 a
447 1941 491 1972 D.
518 1939 777 1973 Stenlmmmar
802 1943 916 1982 lecta,
953 1942 1050 1974 forte
1085 1947 1126 1972 ut
1168 1940 1303 1972 femina
1344 1936 1394 1974 D.

123 2001 316 2046 femoralis
341 2007 399 2033 est
424 2001 612 2034 habenda?
660 2002 788 2035 Affinis
835 2005 980 2037 videtur
1027 2002 1216 2036 Medetero
1256 1999 1395 2043 pusillo

123 2066 234 2107 Meig-
261 2065 362 2107 Dipt-
388 2063 420 2099 4.
444 2065 498 2098 65.
526 2065 601 2104 11.,
628 2065 690 2096 sed
718 2065 775 2098 hic
817 2077 838 2099 a
881 2071 1009 2099 nostra
1051 2066 1173 2110 specie
1218 2063 1396 2107 ”pedibus

122 2128 258 2169 nigris”
286 2129 349 2161 (fec.
374 2137 458 2159 mox
483 2126 724 2169 dignoscitur.

86 2205 168 2240 obs.
194 2206 244 2242 D.
268 2207 508 2251 Ρίειὶσονηίε,
535 2207 657 2240 affinis
683 2208 872 2251 curvipedi
902 2210 938 2243 in
972 2208 1157 2252 Phalange
1197 2208 1287 2243 32tia
1329 2208 1397 2241 sub

128 2281 185 2302 nze
210 2270 254 2305 94
278 2270 526 2304 inveniendus.

82 2367 187 2401 Plcal.
215 2370 247 2402 3.
296 2371 437 2413 Corpus
464 2370 703 2410 subovatum‚
731 2370 922 2403 abdomine
947 2369 1042 2403 haud
1069 2369 1243 2413 depresso
1280 2369 1332 2410 (in
1366 2356 1399 2406 ὃ

131 2437 308 2474 angusto,
335 2432 635 2476 subcylindrico).
683 2434 857 2466 Antennae
890 2434 1039 2473 breves,
1066 2432 1224 2465 articulo
1267 2431 1398 2464 ultimo

132 2498 262 2535 ovato,
288 2496 323 2528 in
350 2496 565 2538 quibusdam
592 2496 785 2539 elongato,
813 2501 892 2530 seta
918 2505 1061 2540 semper
1095 2495 1249 2528 dorsali.
1286 2492 1399 2526 Nervi

1229 2560 1281 2594 '16
