1695 3020
542 157 609 195 79.
641 152 762 195 Eris!
768 156 864 195 alts.
1299 158 1380 193 783

110 263 361 307 magnitudine
385 263 502 297 multo
527 263 679 304 minori,
705 264 909 298 vinositate
934 261 1098 306 corporis
1123 262 1257 296 nonita
1270 262 1383 296 densa

111 337 226 370 neque
251 337 383 367 aurea,
409 337 478 360 ano
504 327 719 365 concolore,
747 337 811 360 nec
836 325 1076 371 nigro-hirto,
1102 326 1203 358 tibiis
1238 332 1380 359 tantum

109 391 187 423 basi
215 391 386 423 testaceis
414 391 498 429 ἅπας
525 391 556 422 ἀ
581 390 626 422 ab
650 394 841 422 auctorum
868 389 1010 433 Syrplw
1048 387 1275 429 caniculari,
1319 390 1381 432 qui

111 454 243 486 Fannae
270 453 520 486 Scandinaviae
547 453 781 496 peregrinus:
820 452 1070 496 magnitudine
1113 451 1276 485 nonnihil
1318 452 1381 484 mi-

109 516 208 555 nori,
233 521 471 548 antennarum
497 520 576 547 seta
601 515 718 554 nuda,
746 525 810 547 nec
836 516 1068 559 pubescente,
1089 515 1187 547 tibiis
1206 516 1283 547 basi
1305 520 1382 547 tan-

108 584 185 612 tum
213 579 408 618 testaceis,
434 587 498 610 nec
526 579 625 610 tibiis
652 580 741 610 totis
768 579 951 622 tersisque
978 578 1078 611 rufis.
1103 595 1147 601 ·-·
1173 578 1287 610 Frons
1306 577 1381 609 uni-

107 643 261 675 suicata.
311 641 454 685 Corpus
479 641 657 684 undique,
684 642 770 674 licet
804 653 874 674 non
909 642 1039 680 dense,
1082 640 1381 673 fulvo-tomento-

107 717 199 739 sum.
234 705 308 738 Alae
334 705 509 743 cinereae,
537 705 676 743 nervis,
704 706 910 747 praesertim
937 705 1035 745 basi,
1054 702 1381 745 ferruginantibus‚

110 768 312 802 tram-ersis
337 767 524 799 fuscedine
550 767 734 799 levissime
759 768 906 806 cincun
934 766 1261 809 lungitudinaiibus
1295 765 1317 799 5
1350 765 1381 798 ἀ

107 832 129 866 6
155 832 211 863 vix
240 830 294 862 vei
322 836 463 862 tantum
490 841 616 874 parum
643 832 709 863 sub
734 832 830 863 areis
857 830 1118 863 discoidalibus
1143 828 1381 862 continuatis.

109 895 276 937 Squamae
305 894 334 925 dc
360 892 522 925 halteres
568 892 681 932 nava,
724 892 850 926 horum
895 894 1056 937 capitulo
1100 891 1217 925 fusco.
1266 890 1381 924 Pedes

105 958 222 1000 nigri,
255 955 455 988 femoribus
490 967 630 988 summo
675 957 776 999 apice
820 957 1064 999 tibiarumque
1106 955 1206 993 basi,
1252 953 1378 992 ssavis3

107 1021 278 1053 tibiarum
303 1019 528 1051 anteriorum
555 1028 717 1049 suminus
742 1028 834 1060 apex
869 1020 978 1051 etiam
1015 1018 1190 1051 flavescit.
1231 1034 1275 1040 -—-
1317 1017 1380 1048 Fe-

105 1083 200 1114 mina
224 1087 462 1114 antennarum
489 1081 646 1113 articulo
674 1080 804 1112 ultimo
831 1082 955 1123 pauno
982 1081 1134 1124 majori,
1161 1090 1266 1123 quam
1289 1089 1378 1119 mas,

106 1144 258 1188 gaudet.

132 1236 169 1272 ⁷.
227 1230 280 1274 Ε.
326 1231 588 1272 Plzantoma:
631 1232 834 1279 olivacea‚
878 1230 1026 1277 nilida,
1070 1229 1189 1268 dense
1237 1243 1383 1269 aureo-

18 1310 265 1358 lomentosa3
294 1308 479 1345 antennis
509 1305 798 1351 mediocribus,
830 1306 962 1350 ssavis,
989 1309 1074 1341 seta
1101 1304 1227 1349 nuda,
1245 1305 1380 1355 nigra;

19 1379 125 1418 tibiis
156 1383 354 1426 testaceis,
385 1379 534 1418 annulo
566 1379 695 1418 medio
725 1379 962 1429 alarumque
993 1377 1128 1415 nervis
1145 1377 1383 1415 transversis

19 1452 177 1498 mediis,
208 1453 338 1491 diiute
370 1454 503 1492 fuscis.
532 1450 580 1503 J.
611 1452 751 1503 (Long.
781 1454 915 1505 3--3ὲ
948 1451 1049 1497 lin.).

136 1527 233 1564 Zeu.
265 1527 338 1566 lus.
371 1526 493 1576 Lapp.
524 1527 618 1564 611.
649 1526 686 1562 4.
716 1521 766 1574 (ἶ.

136 1600 236 1639 Hah.
265 1603 305 1639 in
332 1598 591 1638 Nordlandiae
622 1598 856 1649 Nox-vegicae
905 1595 1086 1646 alpibus,
1130 1608 1188 1634 ex.
1239 1610 1296 1647 gr.
1341 1599 1380 1636 in

18 1674 251 1713 Raschsiind
279 1675 339 1720 (in
368 1673 595 1719 Schiervoe]
628 1671 666 1709 ά·
695 1672 899 1710 Andeness
943 1669 990 1707 ad
1034 1670 1180 1707 ostium
1227 1669 1380 1708 Malan-

16 1747 218 1800 gerfjord3
239 1747 275 1785 d.
304 1749 468 1785 23—28
497 1746 577 1784 Jul.
609 1747 712 1783 1821
744 1746 840 1783 mihi
871 1743 1004 1790 obvia,
1035 1744 1074 1780 in
1094 1742 1260 1781 floribus
1277 1744 1379 1782 Pru-

17 1822 57 1858 ni
86 1819 184 1859 Padi
215 1819 265 1859 ad
295 1821 470 1860 radicem
502 1821 698 1858 montium
746 1820 975 1858 crescentis.
1032 1815 1220 1854 Omnium
1267 1818 1381 1855 velo-

17 1896 173 1933 cissime
204 1894 338 1941 volat,
369 1896 483 1945 quasi
513 1895 752 1938 memorien,
783 1897 904 1942 captu
934 1889 1184 1928 difficillima.
1222 1889 1264 1927 In
1286 1890 1379 1941 alpe

17 1966 152 2005 Dovrc
183 1979 202 2005 a
234 1967 279 2005 D.
313 1964 525 2006 Boheman
558 1965 665 2006 1832
695 1968 815 2003 etiam
846 1967 1031 2010 inventa,
1063 1961 1243 2011 mihique
1271 1974 1380 2001 com-

17 2041 230 2079 municala.

75 2094 120 2143 <3⁴-
154 2105 273 2137 Primo
310 2104 446 2136 intuitu
483 2101 625 2146 Syrplto
664 2101 909 2134 Arbustorum
935 2099 1027 2131 haud
1071 2099 1269 2136 absimilis,
1314 2100 1376 2131 sed

107 2167 215 2210 longe
241 2167 397 2199 diversa.
445 2166 663 2209 Magnitudo
692 2167 721 2198 ἂ
747 2175 886 2196 summa
920 2161 1083 2194 affinitas
1118 2163 1379 2204 praecedentis,

107 2241 127 2263 a
153 2242 222 2274 qna
250 2237 368 2263 tamen
394 2235 520 2273 aperte
546 2226 692 2266 differt,
719 2229 843 2260 colore
868 2225 1033 2268 corporis
1061 2225 1175 2266 inagis
1202 2235 1380 2257 aenescen-

110 2299 166 2333 te,
194 2294 318 2337 paullo
355 2293 498 2335 longius
537 2293 566 2324 <Q
614 2289 760 2323 densius
806 2294 1165 2326 aureo-tomentum,
1212 2290 1379 2320 antennis

109 2367 251 2400 semper
277 2357 399 2394 flavis,
435 2355 535 2387 tibiis
571 2353 647 2386 fere
693 2355 783 2386 totis
827 2352 1024 2391 testaceis,
1063 2351 1196 2382 annulo
1236 2356 1376 2383 tuntum

106 2420 224 2452 medio
250 2420 432 2457 brunneo,
459 2424 498 2450 ut
524 2418 554 2450 d:
580 2417 649 2449 alis
673 2418 706 2448 in
734 2416 852 2448 medio
880 2415 996 2446 fusco·
1032 2414 1087 2446 vel
1123 2414 1375 2445 brunnen-ma-

109 2483 252 2514 culatis.
301 2482 376 2514 Alae
402 2481 542 2513 scilicet
566 2481 741 2520 cinereae,
767 2480 848 2512 basi
871 2484 1062 2516 tenacem,
1103 2477 1223 2508 nervis
1263 2482 1378 2507 trans-

111 2544 224 2575 ven-sis
250 2544 379 2576 mediis
403 2543 590 2575 fuscedine
615 2543 766 2582 cinctis,
791 2542 885 2574 uude
919 2545 1041 2573 exstat
1082 2539 1196 2571 fuscia
1237 2538 1376 2569 alarum
