1695 3020
580 184 647 222 76.
680 179 857 221 Scaeva.
1316 187 1395 224 705

149 292 241 330 Var.
271 293 307 331 b.
338 289 382 343 ῼ.
417 290 640 328 abdominis
670 288 822 327 lunulis
859 294 928 328 aut
973 289 1097 327 nullis
1142 297 1211 328 aut
1255 305 1393 332 earum

38 369 192 403 tantum
226 367 405 417 vestigio,

149 437 251 477 Hab.
280 450 369 477 cum
398 439 547 487 priori,
592 449 723 475 mense
770 434 1033 485 Jul.--Sep[.‚
1077 438 1218 485 passim
1266 438 1396 474 minus

34 510 243 563 srequens3
284 511 440 549 scilicet
484 523 567 548 var.
610 523 643 547 a.
689 512 728 548 in
773 509 910 547 Scania
959 507 1006 546 ad
1054 507 1187 554 Lund,
1241 508 1395 557 Abusa,

35 588 254 634 utrumqne
284 584 461 633 Esperod
493 582 590 629 ὤας
624 586 662 621 in
692 581 947 632 Ostrogolhia
981 580 1028 618 ad
1048 579 1197 622 Gusum
1216 579 1397 620 &Wad-

33 661 168 702 stena;
199 658 238 694 in
267 656 498 695 Gotllandia
531 657 579 694 ad
610 654 911 700 VVesterbeide,
943 653 987 691 D.
1042 651 1300 705 lValzlberg3
1346 654 1395 693 ad

35 729 224 768 Hafniam
238 761 247 776 ‚
279 729 325 769 D.
358 725 560 780 Staeger.
593 729 644 774 (E
665 728 858 779 Glogavia
877 726 992 777 plura
1009 728 1228 776 specimina
1245 729 1398 765 utrius-

34 813 115 852 que
145 815 263 840 sexus
293 815 314 841 e
346 803 469 841 larvis
498 803 665 841 educata
694 814 714 839 a
739 800 783 838 D.
802 797 951 838 Zeller
969 798 1062 849 Maji
1085 801 1189 836 1812
1206 799 1394 845 obtinui).

35 873 128 912 Var.
159 874 197 914 h.
229 876 430 913 rarissime
461 876 601 921 obvia,
642 876 682 912 in
727 872 884 911 Carduo
928 874 975 910 ad
1020 871 1133 909 Lund
1177 871 1329 910 Scaniae
1373 885 1394 910 a

38 945 79 984 Ι).
124 944 332 986 Dahlbom
375 950 560 990 inventa,
607 948 646 986 (Q
693 950 732 987 in
775 944 1031 996 Ostrogothia
1076 943 1125 982 ad
1177 943 1395 983 Wadstena

35 1021 157 1057 etiam
188 1033 206 1060 a
242 1034 304 1059 me
336 1020 454 1060 lecta.

89 1090 166 1143 ὂῼ.
194 1102 387 1135 simillima
414 1101 470 1138 Sc.
496 1101 687 1146 Pyr-astri,
715 1102 778 1134 sed
805 1101 950 1134 differt:
973 1100 1221 1144 magnitudine
1244 1099 1398 1142 plerum-

127 1174 196 1207 que
222 1166 345 1207 paullo
373 1167 531 1204 minore,
569 1168 598 1198 dc
634 1166 816 1208 praecipue
858 1164 1061 1197 abdominis
1105 1163 1240 1194 lunulis
1282 1163 1398 1204 magis

127 1225 230 1257 flavis
257 1227 281 1261 1.
307 1229 470 1267 citi-inis,
497 1238 561 1260 nec
595 1228 708 1267 albis,
746 1229 776 1261 ά
819 1232 977 1270 quatuor
1020 1225 1286 1268 posterioribus
1328 1235 1398 1256 non

128 1290 275 1332 oblique
301 1290 442 1329 ductis,
468 1290 531 1321 sed
561 1291 797 1321 transversim
833 1289 976 1332 positis.
1024 1287 1178 1320 variant
1221 1293 1400 1330 praeterea

129 1351 186 1383 hae
214 1353 413 1393 signaturae
440 1352 591 1383 latiores
619 1352 673 1383 vel
699 1351 944 1393 angustiores.
989 1349 1058 1382 Sed
1085 1349 1243 1380 colorem
1257 1350 1397 1381 alarum

126 1415 310 1456 stigmatis
336 1414 584 1446 obscuriorem
622 1415 651 1446 ά
695 1413 855 1456 pectoris
897 1412 1109 1444 dilutiorem
1153 1421 1259 1453 quam
1301 1412 1398 1454 apud

126 1477 282 1519 speciem
311 1476 596 1519 praecedentem,
624 1477 666 1508 de
692 1477 822 1519 quibus
848 1474 1065 1507 mentionem
1092 1472 1180 1505 fecit
1205 1473 1266 1505 Cel
1305 1474 1401 1506 Low

131 1538 153 1569 Ι.
180 1547 230 1577 c.‚
257 1539 292 1569 in
320 1539 408 1570 meis
434 1538 609 1580 exemplis
636 1540 752 1580 iisque
778 1537 873 1570 haud
901 1536 1045 1580 paucis,
1090 1545 1158 1566 non
1195 1535 1399 1571 observavi.

87 1598 172 1633 obs.
196 1600 424 1632 lndividuum
453 1602 594 1632 unicum
622 1600 837 1638 femineum,
863 1599 1067 1631 abdominis
1093 1598 1245 1629 maculis
1271 1608 1399 1641 parum

129 1663 286 1700 lunatis,
313 1663 511 1695 femoribus
539 1664 690 1706 posticis
715 1662 792 1695 fere
820 1662 910 1694 totis
937 1661 1220 1702 metatui-sisque
1233 1662 1398 1694 omnibus

123 1725 227 1758 ssavis
248 1725 464 1767 'dignotunh
492 1725 536 1756 de
561 1730 684 1758 cetero
711 1725 794 1757 huic
820 1723 952 1768 speciei
980 1722 1225 1761 simillimum,
1253 1724 1320 1756 sub
1341 1734 1400 1756 no-

130 1790 223 1821 mine
249 1787 380 1831 Syrplz.
404 1786 616 1820 seleniticecs
642 1788 753 1829 Meig.
779 1797 800 1818 a
828 1787 870 1819 D.
908 1784 1053 1827 Staeger
1086 1785 1233 1827 accepi,
1276 1787 1400 1828 potius

131 1861 224 1883 nova
250 1851 390 1893 species
417 1849 582 1889 videtur,
608 1852 712 1893 cujus
739 1854 858 1882 tamen
886 1849 1006 1891 patria
1032 1845 1117 1879 mihi
1143 1847 1281 1889 ignota.

255 1940 298 1977 B.
328 1937 508 1976 Alarum
539 1949 694 1976 nervus
723 1941 839 1977 4.·tus
877 1936 1210 1989 longitndinalis
1255 1943 1400 1977 rectus

314 2010 386 2048 vel
413 2015 576 2048 tantum
608 2010 818 2048 levissime
834 2008 1015 2059 flexus,
1054 2012 1119 2047 ita
1157 2013 1205 2047 ut
1250 2008 1318 2048 hic
1361 2009 1401 2049 (fa

317 2082 650 2135 longitudinum
677 2084 810 2121 &tius
835 2080 1052 2132 paralleli
1078 2081 1149 2119 vel
1177 2080 1401 2134 subparal-

315 2155 397 2195 lelz·
422 2155 481 2194 ad
508 2158 736 2206 marginem
767 2154 975 2206 apicalem
1001 2152 1278 2193 descendam.
1311 2154 1401 2194 An-

314 2233 453 2267 tennoe
484 2233 625 2266 ovatoe
657 2232 731 2266 emt
764 2225 1131 2279 oblongo-ovatae,
1162 2232 1282 2280 apice
1298 2240 1401 2268 sem-

313 2313 394 2352 per
423 2300 682 2339 rotundatoe.

256 2383 316 2425 α.)
345 2378 464 2420 Oculi
493 2380 604 2418 nudi.

157 2461 280 2505 Phal.
313 2469 349 2504 1.
408 2466 635 2506 Scutellum
666 2466 862 2517 pallidum
893 2474 1014 2519 caput
1040 2469 1207 2509 ssavum-

1234 2541 1286 2575 89
