1695 3020
270 200 352 235 480
773 191 840 232 57.
873 190 1122 244 Rhaplzium.

272 307 427 356 apicem
471 303 859 354 subapproximatis;
914 302 1083 353 pedibus
1135 300 1472 350 flavo-testaceis,
1523 305 1633 343 coxis

272 378 464 424 cinereiS,
495 378 636 416 anticis
665 379 779 428 apice
810 376 992 428 pallidis,
1024 375 1245 414 femoribus
1274 377 1416 415 anticis
1456 380 1634 427 posticis-

273 464 353 503 que
382 462 577 501 superne,
627 452 824 501 [ursisque
870 450 1056 488 omnibus
1101 448 1367 502 fusco-nigris.
1409 447 1453 503 ῼ.
1496 450 1636 503 (Long.

275 528 297 563 1
330 525 431 570 lim).

390 597 494 636 Hab.
524 598 564 635 in
593 596 854 636 Scandinavia
886 597 1041 636 boreali
1086 598 1307 643 rarissime;
1351 598 1392 635 in
1435 596 1636 651 Norvegia

274 671 320 710 ad
352 671 622 710 diversorium
651 669 815 709 Garnaes
844 670 1058 709 Vaerdaliae
1089 673 1141 708 30
1169 670 1259 708 Jun.
1291 672 1398 708 1840
1435 673 1636 723 specimen

274 745 518 796 descriptum
551 745 698 782 inveni.

332 818 372 869 ῼ·
397 829 512 861 Frons
537 837 650 871 supra
674 833 849 860 antennas
874 827 973 859 inter
998 827 1127 859 oculos
1153 827 1237 860 alba
1263 827 1317 859 vel
1352 832 1547 870 argentea,
1590 826 1638 859 fe-

366 902 507 924 morum
535 892 678 935 pictura
704 893 734 924 dc
760 891 870 934 pedes
895 891 1075 930 inernies,
1104 890 1204 922 tibiis
1231 891 1288 922 vix
1313 890 1535 933 spinulosis,
1562 900 1639 933 spe-

368 956 460 986 ciem
503 954 745 997 distingvunt.
790 972 834 977 —-
878 953 1015 986 vertex
1058 952 1255 986 olivaceus.
1304 954 1476 986 Antennae
1521 954 1641 997 capite

370 1023 580 1050 transverso
607 1017 683 1049 fere
709 1017 915 1055 breviores,
943 1021 1023 1047 seta
1048 1015 1178 1058 apieali
1213 1016 1326 1059 duplo
1361 1017 1540 1059 longiore.
1590 1017 1640 1049 Os

370 1080 605 1114 descendens.
643 1079 759 1112 Pedes
784 1079 962 1122 graciles,
988 1078 1190 1110 straminei.
1216 1097 1259 1102 —
1283 1081 1364 1112 Mas
1390 1080 1551 1121 ignotus.

400 1171 466 1207 22.
524 1167 577 1206 R.
602 1167 843 1220 pallidum:
872 1169 1037 1220 ”pallide
1081 1169 1375 1220 ferrugineum,
1419 1169 1643 1209 abdominis

281 1241 401 1280 dorso
432 1242 654 1288 infuseam,
687 1240 883 1299 antennis*
901 1242 1084 1293 pallidis,
1116 1244 1155 1279 in
1186 1239 1222 1291 (ζ
1251 1243 1364 1292 apice
1396 1243 1533 1290 ruscis,
1555 1244 1643 1281 tho—

280 1328 372 1354 race
402 1316 681 1363 brevioribus,
713 1316 882 1367 pedibus
912 1316 1073 1367 pallidis
1102 1326 1257 1352 summo
1288 1317 1402 1366 apice
1422 1316 1644 1355 fuscescen-

283 1389 410 1436 tibus,
442 1388 519 1428 filis
566 1390 750 1429 analibus
792 1390 1040 1442 simplicibus
1082 1387 1231 1439 pilosis.
1274 1385 1346 1440 (ζᾩ
1391 1389 1533 1442 (Long.
1577 1392 1642 1430 vix

284 1464 305 1514 4-
341 1462 458 1508 lin.).’

395 1536 674 1575 Stenhammar
706 1539 743 1575 in
776 1537 922 1575 litteris
951 1539 1004 1574 29
1034 1535 1170 1575 Martii
1203 1537 1319 1574 1842.

394 1609 496 1648 Hah.
526 1613 566 1649 in
597 1611 803 1662 uliginosis
833 1612 1066 1662 graminosis
1110 1610 1177 1654 (ad
1226 1609 1376 1655 sontes)
1421 1611 1461 1647 in
1506 1608 1642 1649 Ostro-

283 1682 429 1733 gothiae
460 1687 633 1734 paroecia
667 1685 1024 1729 Haradshammar,
1055 1683 1104 1720 ad
1126 1683 1299 1721 Pastoris
1320 1682 1643 1734 sedcm,passim,

282 1755 328 1792 D.
375 1752 683 1796 Sleuhammar.
741 1757 870 1795 Etiam
916 1756 963 1794 ad
1009 1754 1212 1794 Holmiam
1263 1761 1439 1807 captum.
1497 1756 1529 1795 A
1581 1769 1644 1795 mc

284 1839 415 1878 neque
449 1828 600 1867 lectum
630 1842 762 1881 neque
794 1832 935 1868 visum.
964 1826 1006 1873 *J

331 2005 364 2041 *)
391 2006 645 2049 Manuscripto
669 2007 743 2048 jain
772 2011 862 2048 typo
889 2005 1061 2036 mandato
1089 2010 1242 2048 uterque
1268 2016 1376 2039 sexus
1401 2018 1422 2040 a
1450 2008 1648 2041 Detectore

376 2066 460 2099 mihi
504 2070 793 2107 communicatus
836 2067 918 2100 fuit.
967 2066 1177 2110 Dolichopo
1213 2067 1402 2111 flavit-olli
1449 2070 1523 2111 (mo
1567 2071 1647 2111 106)

377 2130 481 2162 valde
507 2132 627 2163 simile
654 2132 819 2171 videtur,
846 2130 908 2161 sed
936 2130 1032 2162 forte
1058 2131 1180 2173 potius
1205 2130 1373 2174 Rhaplcii
1393 2134 1537 2176 generis
1578 2138 1647 2165 est.

381 2190 484 2226 Mas:
510 2199 676 2226 antennae
705 2194 931 2236 longitudine
956 2193 1032 2226 fere
1057 2195 1189 2236 capitis
1212 2196 1431 2234 transversi,
1453 2195 1647 2237 pubescen-

379 2260 447 2293 tes,
474 2257 652 2295 obscurae,
679 2257 757 2288 basi
784 2257 1000 2295 dilatiorem,
1027 2261 1107 2289 seta
1132 2257 1360 2299 longitudine
1376 2262 1555 2289 antennae.
1582 2258 1647 2289 Ab·

378 2317 507 2350 domen
535 2318 698 2360 nigrum,
735 2325 861 2350 ventre
911 2319 1015 2350 ssavo.
1064 2320 1159 2350 Anus
1203 2319 1375 2362 simplex,
1419 2320 1489 2351 fiiis
1533 2319 1636 2351 flavis

379 2380 453 2412 Alae
481 2384 520 2412 ut
546 2381 580 2411 in
607 2379 753 2412 Dolich.
771 2380 964 2423 flavit-olle
991 2381 1197 2423 descriptae.
1246 2381 1347 2424 Palpi
1375 2382 1405 2414 ά
1432 2382 1541 2425 pedes
1575 2363 1647 2426 pal]

378 2441 462 2481 lidi,
489 2442 579 2473 tarsi
606 2443 708 2484 apice
734 2442 840 2475 fusci.
889 2441 1066 2474 Femina.-
1093 2443 1222 2474 similis
1247 2444 1359 2483 mari,
1395 2445 1457 2477 sed
1501 2443 1646 2478 differt:

379 2505 546 2536 antennis
572 2505 820 2545 brevioribus,
847 2505 937 2537 totis
964 2504 1263 2547 pallescentibus,
1289 2512 1369 2539 seta
1395 2508 1564 2552 longiori,
1588 2508 1647 2540 ab·

379 2566 522 2601 domiue
550 2572 629 2600 toto
657 2574 840 2607 testaceo,
867 2578 936 2600 ano
963 2571 1072 2600 acuto
1099 2570 1236 2612 absque
1262 2571 1345 2603 filis.
