1695 3020
283 200 365 235 816
547 194 612 234 79.
645 191 868 234 Erz'slulc's.
927 194 993 233 80.
1029 190 1352 244 Chrysogasler.

371 325 426 348 nm
453 316 483 348 ὦ
508 314 619 358 pedes
645 322 743 356 saepe
768 312 883 346 fusca.
927 314 1043 346 Frons
1069 314 1103 346 in
1128 301 1162 352 ἃ
1186 311 1395 345 unisulcata
1428 317 1648 358 vei-texique,

374 378 626 422 nigro-pilosa.
677 377 845 419 Squamae
871 377 937 409 sub
964 376 1033 408 alis
1058 376 1093 408 in
1119 381 1276 419 utroque
1302 386 1390 409 sexu
1414 376 1521 410 albae.

333 459 415 494 Οὓς.
445 459 648 492 Eristalem
672 463 847 491 nasutum
872 459 968 491 Zett.
995 459 1068 493 liis.
1095 458 1210 502 Lapp.
1236 458 1313 493 613.
1352 456 1407 493 14.
1451 458 1496 491 ud
1536 469 1650 502 genus

379 522 557 556 Psilotam
582 524 790 556 retulimus.

538 774 618 821 80.
675 769 1209 820 CHRYSOGASTER
1247 772 1395 831 Meig.

329 891 471 935 Corpus
498 889 626 924 mediae
652 890 928 933 magnitudinis,
944 892 1286 935 oblongo-ovatum,
1301 891 1469 931 nitidum,
1484 890 1650 934 glabrum

375 962 439 988 aut
464 955 723 998 glum-iculum.
765 956 938 987 Antennae
965 955 1078 988 fronti
1105 955 1324 999 prominenti
1342 955 1510 995 insertae,
1538 954 1648 997 longi-

374 1019 501 1050 tudine
527 1029 595 1050 non
622 1019 739 1060 captis
766 1019 966 1050 transversi
993 1019 1045 1060 (in
1072 1029 1129 1050 n:o
1155 1020 1177 1051 8
1202 1019 1322 1061 capite
1350 1018 1648 1060 sublnngiores),

372 1086 566 1121 numium,
593 1081 751 1113 articulo
778 1080 908 1112 ultimo
949 1087 1013 1113 aut
1047 1082 1274 1122 orbiculum,
1320 1087 1384 1114 aut
1429 1082 1549 1114 rarius
1591 1081 1651 1113 ob-

376 1144 508 1187 longo,
535 1145 612 1176 basi
651 1150 730 1176 seta
773 1153 917 1186 semper
960 1143 1119 1182 dorsali,
1164 1144 1271 1176 nuda.
1319 1145 1512 1187 Epistoma
1556 1142 1651 1176 infra

372 1208 502 1239 oculos
531 1207 656 1250 paullo
684 1207 928 1247 descendens,
956 1207 991 1238 in
1018 1207 1137 1239 medio
1164 1212 1350 1246 retusum,
1377 1217 1446 1239 non
1475 1207 1496 1240 Ι.
1520 1217 1649 1250 parum

375 1275 670 1313 tuberculutmu,
698 1274 800 1316 apice
822 1272 1010 1305 reflexum.
1037 1273 1152 1305 Frons
1165 1262 1424 1314 convexafinss
1445 1274 1648 1317 saepissime

376 1338 618 1370 transversim
645 1337 790 1368 striata.
826 1336 931 1368 Oculi
959 1335 1066 1375 nudi,
1094 1336 1308 1379 plerumque
1333 1335 1647 1379 rufo-ferruginei,

372 1401 593 1433 unicolores.
638 1399 841 1432 Scutellum
869 1400 971 1442 apice
998 1401 1262 1442 mmginatum,
1290 1399 1648 1443 depresso-attenua-

377 1473 478 1506 tum,
514 1466 671 1505 nudum,
706 1466 731 1500 l.
775 1466 1202 1509 paucissimi-pilosulum
1249 1455 1334 1506 (3)-
1375 1465 1558 1498 Abdomen
1585 1466 1648 1498 de-

378 1541 545 1573 pressum
563 1554 571 1570 ‚
600 1529 861 1567 rotundatum,
890 1534 1041 1561 rectum.
1090 1530 1165 1562 Alae
1192 1535 1231 1561 ut
1257 1530 1292 1561 in
1317 1527 1495 1562 Eristale.
1543 1530 1647 1561 Areae

372 1593 594 1625 (liscoidales
621 1594 721 1635 apice
757 1593 970 1636 inaequales.
1019 1592 1137 1625 Pedes
1175 1593 1380 1637 simplices,
1425 1592 1524 1625 tibiis
1569 1591 1650 1624 sub-

376 1658 501 1688 rectis.
553 1654 666 1688 Color
691 1656 911 1690 metallicus.
959 1655 1110 1688 Pictura
1136 1655 1247 1688 nulla.
1297 1654 1424 1687 Motus
1449 1660 1507 1688 sat
1532 1654 1649 1696 celer,

374 1724 413 1750 at
439 1719 474 1750 in
503 1718 654 1751 floribus
680 1728 778 1761 saepc
808 1724 998 1750 morantur
1023 1720 1212 1761 imagines.
1261 1717 1460 1751 Habitatio
1484 1719 1521 1752 in
1548 1718 1648 1751 foliis

372 1781 604 1824 plantarum,
635 1780 806 1820 floribus,
832 1782 1065 1824 gruminosis.
1113 1779 1346 1824 Differentia
1378 1791 1512 1821 sexum
1547 1793 1645 1815 mas:

368 1844 486 1875 oculis
512 1844 546 1875 in
575 1843 696 1875 fronte
715 1842 1006 1883 cohaerentibus,
1027 1848 1090 1875 aut
1110 1849 1264 1887 anguste
1285 1843 1500 1887 disjunctis,
1525 1844 1647 1878 fronte

370 1907 566 1949 laeviguta,
594 1908 815 1949 epistomate
850 1906 1032 1938 interdum
1070 1906 1263 1938 tuberculo
1307 1917 1442 1949 parvo,
1491 1907 1647 1940 scutello

371 1970 555 2002 interdum
583 1970 667 2012 pilis
705 1968 919 2012 quibusdam
955 1967 1178 2011 zipicalibus3
1215 1969 1387 2014 femina:
1430 1969 1546 2002 oculis
1588 1974 1647 2002 sat

373 2033 448 2065 late
474 2032 717 2071 distantibus,
744 2032 866 2064 fronte
892 2032 1104 2075 plerumque
1139 2033 1397 2073 transversim,
1441 2033 1647 2077 interrupte

371 2097 526 2135 striata,
555 2095 776 2138 epistomate.
802 2095 939 2138 absque
966 2095 1179 2135 tuberculo,
1208 2095 1366 2128 scutelle
1401 2106 1545 2139 semper
1586 2107 1647 2129 nu-

372 2159 430 2191 do.
482 2160 614 2201 'l‘ypus
639 2158 805 2200 generis:
837 2156 1106 2200 Clarysogaster
1131 2157 1359 2193 solstitialis.

397 2261 526 2301 Subd.
575 2264 611 2303 1.
670 2265 825 2304 Nervus
869 2266 1025 2305 alarum
1072 2270 1324 2304 transversus
1377 2265 1644 2316 subapicalis,

276 2339 347 2387 qui
378 2348 510 2373 aream
541 2336 797 2377 discoidalem
848 2341 1016 2390 primam
1064 2341 1274 2385 terminat,
1319 2343 1389 2377 aut
1432 2338 1645 2377 subrectus

277 2416 345 2449 aut
390 2410 645 2457 incurvatus,
691 2423 782 2448 cum
826 2423 952 2449 nervo
996 2410 1281 2462 longitudinali
1325 2414 1408 2449 5:10
1450 2410 1641 2462 angulum

275 2483 543 2522 subobtusum
587 2482 745 2522 format.
802 2482 995 2523 Antennae
1035 2484 1271 2524 rotundatae.
1331 2482 1640 2537 Chrysogaster

278 2556 408 2607 Macq.
