1695 3020
1334 155 1388 197 lx

31 259 225 317 elegerim
237 294 246 310 ‚
271 258 408 302 uultus
421 257 715 304 determinatus
731 260 844 303 locus
859 261 997 304 suisset
1014 267 1189 313 feminis,
1205 279 1296 318 quae
1314 283 1392 309 non

29 322 104 360 nisi
133 331 238 370 aegre
268 320 442 358 inveniri
471 322 712 370 potuissent,
745 322 966 370 praesertim
996 322 1089 360 dum
1123 322 1184 360 hae
1210 325 1392 365 inomni-

30 377 105 415 bus
139 371 475 425 Doliclaeopormm
520 374 745 427 generibus?
781 387 855 426 per
898 381 1022 415 totam
1070 377 1262 417 familiam
1305 383 1393 419 ovi-

29 431 193 470 ductum
238 436 379 479 parum
425 435 630 469 exsertum
674 428 713 467 ἀ
758 430 844 469 scre
885 432 1072 470 similiter
1115 439 1391 474 constructum

29 486 192 525 habent.
251 483 392 534 ltaque
421 484 527 524 haud
573 485 905 525 contemnendam
937 492 1071 526 notam
1101 500 1175 539 pro
1212 489 1392 529 subdivi-

28 541 208 581 sionibus
234 541 463 589 specierum
494 542 599 580 intra
629 552 754 592 genus
775 545 1021 581 structuram
1039 543 1224 595 genitalis
1240 558 1394 585 mascuffl

30 596 162 634 lorum
207 595 404 633 diversam
451 597 655 647 praebere,
708 596 776 634 sed
830 596 995 636 eandem
1049 603 1296 639 structuram
1352 604 1391 639 in

30 653 154 702 ipsius
178 652 336 701 generis
365 650 599 690 charactere
628 651 835 690 condendo
865 653 996 690 minus
1024 654 1163 692 valere
1193 657 1394 694 existimo.

150 752 614 809 Hermaplwodil(lemna
644 762 769 812 magis
799 760 864 798 vel
897 763 1028 801 minus
1047 765 1392 816 completusinter

28 813 266 866 Coleoptera
299 825 412 860 rai-0,
442 813 481 852 ἀ·
511 817 617 854 inter
647 815 913 866 Lepidoptera
931 818 1133 857 interdum
1151 821 1393 867 obveniens,

29 869 135 921 apud
165 869 331 920 Diptera
361 868 493 908 adhuc
523 882 600 908 non
632 870 870 908 observatus
898 878 959 910 est
987 879 1184 925 quantum
1202 876 1392 926 equidem

27 927 227 964 sciverim.
282 922 358 962 Sed
401 925 702 974 copulationem
749 925 958 977 hybridam
1014 933 1234 980 praesertim
1276 933 1392 969 intra

30 979 201 1019 familias
231 975 538 1030 Empidcarmn,
577 977 929 1032 Dollclwpodum,
954 983 1270 1036 Syrplu‘corum,
1291 984 1393 1025 Sar-

37 1032 393 1086 cophogarmrum
423 1032 463 1072 da
494 1032 837 1086 Scatomyzz'dum
851 1067 860 1082 ,
879 1050 968 1089 quae
985 1042 1128 1079 veneri
1147 1054 1230 1092 prae
1246 1043 1394 1080 ceteris

28 1089 172 1129 deditae
203 1089 417 1134 videntur,
448 1090 653 1136 obtinere,
693 1090 801 1129 haud
845 1094 1123 1145 infrequenter
1167 1098 1394 1138 observavi.

147 1209 260 1248 Licet
289 1210 516 1250 elaboratio
545 1212 584 1250 (Q
615 1213 838 1264 publicatio
869 1211 990 1263 hujus
1003 1216 1155 1264 operis,
1169 1213 1286 1265 cujus
1300 1214 1396 1254 Pars

26 1266 154 1315 prima
181 1264 262 1315 jam
295 1267 333 1304 in
365 1265 498 1305 lucem
528 1268 675 1318 prodit,
705 1268 744 1307 ἀ
774 1268 890 1320 cujus
918 1269 1168 1308 continuatio
1197 1272 1281 1308 sine
1313 1283 1396 1309 mo-

28 1332 71 1357 ra
101 1324 310 1371 sequetur,
340 1320 446 1360 haud
476 1335 617 1373 parum
649 1324 820 1369 laboris,
850 1323 1278 1374 imm-adiicejaeturae
1297 1331 1396 1364 tem-

27 1376 150 1424 poriS,
179 1374 273 1413 dum
304 1376 378 1412 sub
419 1379 653 1425 itenrribus,
698 1379 853 1417 vicibus
898 1380 1054 1417 iteratis
1096 1382 1134 1418 in
1179 1379 1394 1432 plerasque

29 1429 306 1468 Scandinavia:
338 1433 564 1480 provincias
594 1435 799 1478 institutis,
829 1432 1045 1484 plerasque
1091 1436 1132 1472 in
1178 1435 1283 1473 libro
1327 1436 1396 1474 de-

31 1486 203 1534 scriptas
232 1487 386 1535 species
416 1490 577 1538 propria
611 1501 727 1526 manu
758 1488 908 1539 collegi
957 1487 995 1526 ὦ
1039 1491 1152 1527 vivas
1193 1492 1395 1536 annotavi.

29 1539 125 1577 mihi
159 1538 349 1589 injunetae
382 1540 544 1588 suerint,
575 1547 707 1581 tamen
739 1555 801 1582 me
825 1555 921 1581 vere
938 1551 1286 1595 recompensatum
1307 1558 1396 1583 sen—

30 1596 138 1639 tiam,
165 1596 197 1632 si
228 1606 299 1644 per
328 1595 400 1633 has
428 1599 758 1636 consecrationes
786 1598 1041 1649 aliquantum
1073 1600 1260 1649 prodesse
1280 1606 1396 1651 potu-

31 1650 132 1687 erim
162 1651 375 1688 carissimae
405 1653 582 1691 scientiae
613 1652 784 1704 ejusque
814 1651 1047 1692 cultoribus
1079 1654 1237 1693 tradere
1269 1668 1396 1707 quan-

30 1709 114 1741 tum
144 1702 231 1743 fieri
280 1708 412 1755 potuit
444 1708 692 1758 locupletem
738 1708 777 1746 εἰ·
820 1707 1089 1747 confidentem
1134 1709 1394 1761 Dipterorum

31 1759 305 1798 Scandinaviae
338 1766 631 1801 tractationem.
689 1764 725 1802 Is
754 1765 854 1802 mihi
881 1763 962 1814 jam
995 1776 1044 1802 ex
1089 1764 1165 1804 hoc
1208 1768 1397 1817 incoepto

29 1813 274 1853 redundavit
304 1815 461 1855 fructus
490 1817 529 1855 ά·
561 1818 598 1857 id
626 1820 847 1869 praemium,
865 1825 907 1856 ut
924 1818 999 1857 sub
1015 1822 1196 1860 materiis
1209 1823 1395 1873 opusculi

29 1868 268 1920 colligendis
285 1871 440 1910 licitum
460 1873 582 1911 suerit
601 1886 678 1911 non
700 1879 853 1912 tantum
873 1874 1011 1912 multis
1026 1874 1215 1914 dulcibus
1233 1877 1343 1916 horis
1359 1879 1398 1916 in

30 1929 183 1962 naturae
199 1928 354 1976 gremio
367 1930 622 1973 commorari,
636 1930 730 1967 dum
745 1929 792 1967 ad
806 1929 1203 1979 comtemplationem
1217 1933 1397 1983 pulchri-

30 1979 178 2018 tudinis
208 1979 246 2018 d:
266 1983 457 2031 sapientis
473 1983 624 2023 ordinis
640 1986 746 2023 inter
762 1987 886 2034 ipsam
902 1987 1141 2024 varietatem
1157 1987 1400 2026 dominantis

33 2047 144 2072 mens
173 2048 256 2074 mea
289 2036 336 2074 ad
369 2050 567 2077 summum
594 2042 772 2078 omnium
791 2052 927 2078 rerum
944 2038 1152 2090 Originem
1169 2049 1302 2087 erecta
1323 2044 1398 2081 suit

30 2090 69 2126 da
85 2090 189 2135 laeta,
207 2102 348 2129 verum
364 2095 484 2133 etiam
502 2096 603 2132 inire
622 2095 940 2137 familiariorem,
957 2094 1182 2136 fideliorem
1210 2097 1248 2136 (Ε
1271 2101 1397 2137 since-

30 2146 180 2182 riorem
210 2147 406 2185 rationem
436 2161 526 2186 cum
570 2149 756 2199 pluribus
796 2150 1012 2193 nobilibus,
1059 2153 1270 2204 ingeniosis
1313 2156 1398 2192 exi-

30 2200 202 2250 miisque
235 2199 354 2246 Viris,
385 2205 454 2253 qui
486 2204 626 2242 eodem
656 2205 790 2243 studio
820 2205 972 2256 aliquid
1006 2209 1240 2247 incrementi
1275 2221 1397 2247 amu>-

31 2254 199 2292 nissimae
229 2257 409 2296 scientiae
438 2259 668 2298 conserendi
721 2262 884 2306 incensi,
934 2259 1162 2311 adjuvando
1209 2264 1398 2307 consiliis,

31 2320 154 2359 opera
185 2314 256 2347 aut
287 2316 652 2353 communicatione
683 2318 907 2365 specierum
954 2328 1150 2355 novarum
1196 2332 1287 2357 cum
1328 2318 1398 2357 ob-

30 2365 328 2403 servationibus
353 2373 396 2405 ut
426 2372 557 2408 omnia
592 2372 629 2408 in
664 2383 794 2408 meum
826 2383 940 2408 usum
973 2372 1223 2418 adhiberem,
1257 2386 1317 2412 me
1347 2376 1398 2411 si-

36 2419 78 2457 bi
110 2419 453 2462 devinctissimum
481 2424 755 2464 reddiderunt.
814 2426 920 2464 {nter
950 2425 1058 2470 lllos,
1088 2429 1236 2478 quibus
1264 2429 1316 2466 ob
1342 2434 1398 2465 ta-

32 2473 114 2511 lem
147 2479 380 2527 tantamque
412 2478 733 2519 benevolentiam
764 2483 911 2532 gratias
942 2484 1132 2521 maximas
1162 2483 1200 2521 ‹t-
1228 2483 1399 2533 justissi-
