1695 3020
279 175 346 221 24
436 168 437 171 '
768 172 1166 221 DISPOSITIO.

282 295 454 346 longius.
510 293 625 344 Palpi
657 295 934 343 minutissimi,
964 295 1166 335 haustello
1197 296 1499 342 incumbentes,
1542 300 1654 334 setu-

282 369 369 407 losi.
428 367 603 405 Alarum
634 380 729 406 area
761 368 991 408 discoidalis
1022 370 1342 421 trapeziformis,
1368 369 1563 408 nervulos
1606 372 1650 416 3,

284 448 356 482 aut
387 445 587 494 integros,
620 446 690 479 aut
719 441 894 480 medium
924 443 1227 490 abbreviatum,
1259 446 1298 482 in
1325 445 1545 495 marginem
1595 446 1655 483 in-

283 518 475 554 teriorem
529 516 731 553 emittens,
790 515 917 554 Pedes
954 518 1176 568 simpliceS‚
1223 517 1446 555 semoribus
1489 519 1653 568 posticis

284 590 559 641 longiusculis.

281 685 347 719 36.
409 679 591 719 Mccro
606 677 782 732 phora
818 678 1168 734 (flle·‹:rophor2cs>
1199 683 1330 735 Macq.
1367 680 1571 721 Tris-him!
1612 677 1654 725 ³⁸)

411 755 532 806 Meig.
563 756 664 792 Zeti.
694 754 768 792 Ins.
798 753 922 806 Lapp.

399 828 599 867 Antenme
629 830 761 879 capite
796 833 1025 867 transverso
1056 829 1197 880 paullo
1220 830 1443 882 longiores,
1462 831 1657 868 3-articu-

284 901 376 940 latre
396 932 404 948 ,
436 902 618 941 articulis
647 905 672 940 2
705 903 910 942 basalibus
948 903 1197 943 brevissimis
1237 905 1463 951 subunitis,
1513 903 1656 940 ultimo

285 976 538 1027 longissimo,
568 978 728 1024 conico,
760 989 1011 1028 compresso,
1042 977 1149 1029 stylo
1180 979 1326 1029 apicali
1354 979 1469 1017 brevi
1502 978 1654 1029 (longi-

285 1053 346 1090 ori
378 1064 476 1089 vero
506 1064 627 1103 quam
655 1053 695 1089 in
719 1049 937 1096 Oedalca).
969 1051 1227 1090 Haustellum
1244 1051 1540 1097 brevissimum,
1560 1051 1655 1089 sub-

286 1125 509 1164 occultum.
566 1125 682 1175 Palpi
711 1124 937 1176 cylindrici.
990 1125 1158 1164 Alarum
1189 1139 1283 1164 area
1316 1125 1547 1164 discoidalis
1577 1131 1658 1163 tra-

285 1200 449 1249 pezina,
498 1199 693 1237 nervulos
747 1202 770 1237 3
815 1201 993 1250 integros
1044 1201 1085 1238 in
1142 1202 1361 1252 marginem
1417 1201 1655 1238 interiorem

288 1274 489 1311 emittens.
543 1273 672 1311 Pedes
703 1279 771 1312 aut
801 1273 1026 1324 simplices,
1058 1279 1128 1312 aut
1158 1276 1303 1325 postici
1336 1275 1441 1312 tibiis
1471 1274 1661 1312 dilatatis.

289 1367 352 1403 37.
421 1365 770 1418 Hortnopeza
801 1367 892 1405 nob.
922 1366 997 1404 Ins.
1028 1366 1152 1418 Lapp.

405 1441 598 1479 Antennae
628 1443 761 1491 capite
794 1444 1025 1478 transverso
1070 1441 1193 1491 duplo
1241 1439 1475 1485 breviores,
1517 1439 1662 1476 2—arti-

290 1514 461 1566 culinae,
493 1515 669 1554 articulo
698 1517 826 1565 primo
858 1514 1118 1562 brevissimo,
1149 1514 1292 1552 ultimo
1314 1517 1435 1550 ovato
1457 1523 1666 1562 compres-

291 1601 360 1634 so,
408 1589 491 1627 basi
520 1601 616 1627 non
663 1589 804 1640 gibbo,
857 1587 965 1638 stylo
1020 1588 1165 1638 apicali
1216 1588 1343 1626 brevi.
1402 1584 1662 1624 Haustellum

288 1675 431 1713 parum
461 1668 681 1701 exsertum.
738 1662 905 1699 Alarum
951 1674 1044 1700 area
1099 1660 1331 1700 discoidalis
1385 1660 1572 1711 oblonga,
1631 1660 1661 1695 :5

298 1735 491 1774 nervulos
524 1738 562 1773 in
592 1736 813 1786 marginem
841 1736 1079 1773 interiorem
1111 1723 1309 1773 emittens.
1367 1733 1492 1772 Nervi
1522 1744 1662 1770 omnes

294 1815 461 1856 tenues,
495 1810 638 1847 tertius
671 1812 710 1853 (a
741 1812 871 1853 costa]
904 1809 1208 1860 longitudinalis
1238 1809 1285 1847 ad
1331 1809 1485 1858 apicem
1529 1806 1664 1844 furca-

295 1888 388 1929 tus,
418 1894 530 1921 ramo
560 1883 761 1932 superiori
792 1883 831 1920 in
876 1888 1026 1921 costam
1070 1887 1338 1929 excurrente,
1382 1880 1544 1919 inflexo.
1590 1879 1664 1917 Pe-

292 1957 363 1995 des
393 1955 620 2006 simplices,
653 1957 768 1993 tarsis
799 1957 943 1994 :inticis
969 1957 1321 1996 monilisormibus.

296 2052 361 2087 38.
421 2045 728 2099 Ileaphz'la
760 2047 851 2086 nob.
881 2049 953 2087 lns.
984 2049 1107 2100 Lapp.

391 2122 608 2160 -Antcnnzc
640 2123 771 2171 capite
805 2122 891 2160 fere
923 2122 1089 2161 dimidio
1122 2122 1345 2173 longiores,
1390 2121 1577 2159 distincte
1621 2121 1666 2156 3-

297 2196 548 2241 articulatae,
581 2195 765 2233 articulis
796 2196 999 2234 basalibus
1045 2196 1242 2235 brevibus
1284 2195 1473 2240 hirsutis,
1519 2193 1663 2232 ultimo

299 2269 544 2321 longissimO,
574 2269 715 2306 conico
746 2266 771 2305 l.
802 2269 1082 2317 subulisormi,
1114 2270 1236 2315 nudo,
1266 2269 1372 2320 stylo
1402 2267 1548 2318 apicali
1574 2267 1667 2305 bre-

300 2345 474 2382 vissimo.
535 2340 796 2378 Haustcllum
829 2345 963 2393 capite
991 2348 1060 2381 aut
1089 2343 1216 2394 duplo
1247 2343 1334 2381 fere
1362 2341 1523 2392 longius
1569 2338 1665 2389 (ἃ),

299 2452 302 2453 ’
351 2460 385 2500 *)
416 2456 602 2490 Trio-leina
640 2462 698 2488 est
731 2458 843 2490 etiam
878 2456 1079 2492 Entozoon
1125 2457 1326 2499 (Triclzina
1366 2457 1528 2502 spiralis.
1576 2456 1668 2490 Vide

397 2519 610 2554 Wesewood
636 2521 780 2553 Entom.
806 2520 998 2564 Brochyre
1023 2532 1059 2565 p.
1081 2522 1155 2562 75.)
1202 2523 1324 2562 Qvare
1352 2531 1481 2555 nomen
1517 2520 1586 2554 hoe
1631 2521 1668 2553 in

396 2586 634 2628 Dipterorum
662 2585 799 2617 Ordine
826 2584 1074 2626 rejiciendum.
