1695 3020
499 182 890 233 DISPOSITIO.
1304 197 1368 239 25

16 306 87 339 aut
114 300 202 351 ejus
226 302 390 339 circiter
421 299 670 352 longitudine
701 305 792 355 (ῼ),
823 308 862 344 in
898 312 1073 359 utroque
1117 322 1215 349 sexu
1259 326 1367 352 cras-

13 387 115 413 sum.
162 373 276 423 Palpi
308 371 537 421 filisormes,
568 365 765 428 elongati,
799 379 902 418 ultra
934 381 1144 421 dimidium
1174 384 1366 426 haustelli

17 448 101 486 sere
148 447 324 493 extensi,
369 448 489 496 eique
534 450 827 499 incumbentes,
872 454 1000 504 pilosi.
1053 440 1230 496 Alarum
1273 473 1365 499 area

13 520 242 559 discoidalis
269 524 408 566 ovata,
439 522 462 557 3
493 522 684 561 nervulos
713 526 887 576 integros
915 530 954 566 in
1004 531 1222 582 marginem
1265 534 1367 571 inte-

14 596 164 633 riorem
194 595 393 632 emittens.
451 592 609 633 Nervus
641 600 781 637 tertius
811 603 852 644 [a
889 606 1018 648 costa)
1064 603 1368 656 longitudinalis

13 667 63 706 ad
92 669 246 718 apicem
276 667 479 713 fui-catus,
510 680 622 706 ramo
652 674 852 720 superiori
883 676 922 712 in
952 682 1102 715 costam
1142 684 1251 718 recta
1297 693 1366 718 ex-

12 746 214 779 currente.
270 739 396 778 Pedes
426 741 637 790 simplices.

263 858 382 899 FAM.
415 862 477 898 10.
505 859 948 902 TACHYDROMIDES
979 863 1112 904 Wied.

59 938 232 971 Antennae
258 945 460 981 porrectae,
487 939 735 971 biarticulatae
760 942 945 982 (articulis
972 953 1099 987 nempe
1132 947 1154 980 2
1177 946 1366 980 basalibus

106 1001 312 1043 saepissime
338 1002 372 1033 in
410 1012 518 1034 unuin
546 1001 622 1034 fere
647 1003 831 1045 coalitis),
859 1006 1017 1038 articulo
1046 1008 1163 1049 primo
1191 1009 1365 1052 cylindri-

104 1072 160 1103 co,
187 1063 348 1095 secundo
375 1075 437 1096 scu
465 1065 594 1096 ultimo
621 1071 684 1097 aut
710 1072 831 1106 ovato,
859 1074 923 1100 aut
949 1070 1121 1112 elongato
1148 1072 1203 1103 vel
1226 1073 1365 1112 conico,

105 1131 170 1159 aut
195 1126 433 1167 lenticulam,
461 1133 540 1160 seta
568 1128 650 1160 dum
678 1129 784 1161 adest
812 1135 951 1174 temper
979 1134 1176 1169 terminali.
1210 1134 1364 1168 deflexa.

106 1191 225 1233 Caput
252 1201 416 1234 parvum,
446 1192 695 1224 rotundatum.
745 1194 860 1226 Oeelli
886 1196 919 1229 3.
966 1196 1198 1230 Haustellum
1234 1199 1365 1238 breve,

106 1253 427 1296 perpendiculum,
454 1254 571 1298 palpis
597 1255 863 1295 him-ticulatis,
910 1259 1223 1299 incumbentibus,
1269 1260 1366 1293 'rho-

107 1327 173 1349 rax
198 1316 340 1359 gibbus.
391 1316 573 1349 abdomen
599 1318 861 1351 7-annulatum.
897 1320 1012 1353 Pedes
1039 1334 1108 1354 uno
1136 1324 1213 1366 pari
1242 1325 1366 1367 saepis-

105 1380 194 1412 sime
217 1379 425 1410 incrassati.
474 1380 615 1422 Corpus
650 1391 800 1422 parvum
845 1389 909 1414 aut
954 1385 1143 1418 minutum.
1194 1386 1270 1419 ³¹ae
1315 1388 1365 1418 in-

105 1443 336 1480 cumbentes,
363 1451 449 1473 urea
475 1441 665 1474 discoidali
692 1447 760 1475 ant
784 1451 967 1486 praesente
993 1454 1056 1479 aut
1082 1449 1243 1482 absente.
1277 1449 1366 1482 Ner-

107 1506 140 1538 vi
167 1504 453 1546 longitndinales
476 1507 498 1538 2
522 1510 586 1536 aut
610 1505 631 1538 3
655 1506 689 1536 in
724 1507 920 1549 marginem
966 1509 1177 1543 interiorem
1222 1512 1366 1545 descen-

103 1568 207 1600 dunt.
252 1563 380 1599 Victus
406 1578 424 1598 e
451 1568 588 1610 rapina.
629 1566 942 1612 issetatnorplcosis
967 1572 1107 1615 ignota.
1135 1572 1366 1617 Differenffa

104 1640 211 1663 sexus
238 1639 301 1673 per
329 1635 553 1662 structuram
581 1632 638 1663 ani
674 1632 854 1666 diversam
892 1634 1104 1678 plerumque
1146 1647 1229 1669 mox
1276 1638 1366 1670 indi·

109 1700 230 1726 catur.

380 1763 428 1802 α)
460 1755 576 1796 Coxae
607 1762 750 1800 anticae
780 1761 990 1815 elongatae.

11 1858 76 1895 39.
135 1853 583 1896 Hemerodromia
613 1856 743 1910 Hffgg.
772 1859 890 1910 Meig.
919 1859 1003 1898 Lat.
1042 1857 1149 1897 Fam.
1193 1867 1272 1899 nat.
1317 1887 1363 1891 -

46 1951 59 1967 ι
128 1929 257 1980 Macq.
294 1927 601 1982 Tachydromia
633 1931 731 1970 Fall.

127 2002 404 2041 Antennarum
435 2004 630 2043 articulus
659 2005 827 2044 ultimus
857 2011 1021 2054 ovatus,
1063 2010 1171 2062 stylo
1216 2011 1364 2050 brevis-

10 2077 124 2120 simo,
157 2079 223 2114 vix
254 2076 352 2114 ullo.
411 2076 670 2116 Haustellum
701 2081 833 2129 capite
862 2081 1000 2131 paullo
1044 2083 1219 2123 brevius.
1275 2084 1370 2123 Ala—

11 2163 102 2189 rum
145 2150 262 2191 nervi
306 2149 621 2201 longitudinales
665 2150 737 2190 3-4
780 2155 894 2202 apice
937 2157 1154 2206 saepissime
1211 2158 1370 2198 furcati.

10 2223 137 2262 Pedes
178 2224 299 2262 antici
341 2225 452 2262 coxis
496 2224 734 2276 longissimis
778 2225 1083 2280 femoribusque
1131 2233 1370 2271 incrassatis.

10 2295 221 2336 Habitatio
252 2297 292 2334 in
325 2296 528 2348 uliginosis
557 2303 598 2336 et
627 2298 675 2336 ad
707 2297 847 2337 littora
876 2300 1051 2341 laeuum.

11 2397 76 2434 40.
111 2393 558 2447 ‘Phyllodromia
593 2397 692 2436 noh.
743 2395 1051 2452 Tackydromt'a
1094 2402 1210 2443 Fabr.
1257 2405 1369 2444 Panz.

126 2468 223 2507 Fall.
254 2467 609 2510 Hemerodromca
640 2471 757 2524 Meig.
795 2473 924 2525 Macq.

127 2541 404 2583 Antennarum
435 2545 633 2584 articulus
671 2545 838 2585 ultimus
879 2554 1044 2593 ovatus,
1090 2556 1173 2589 seta
1224 2550 1370 2602 longis-

1220 2624 1244 2659 4
