1695 3020
262 199 343 235 5113
753 195 817 229 (it).
861 190 1137 244 Doliclwpus.

266 302 453 355 Stoeger,
487 304 556 351 qui
590 301 744 339 larvam
778 301 943 349 imagine
991 299 1111 348 triplo
1159 298 1401 350 longiorem,
1448 306 1631 353 tenuem,

265 378 438 423 fuscam,
468 373 543 411 sub
574 375 724 412 cortice
759 378 1017 418 truncorum,
1048 371 1087 408 (Q
1113 384 1260 422 pupam
1288 373 1445 419 albam,
1472 373 1632 424 agilem,

267 451 398 488 latere
429 449 612 497 corporis
643 458 800 496 semper
832 445 1167 491 decumbentem,
1200 447 1365 483 invenit.

322 526 397 577 ὂῼ.
425 535 676 577 Magnitudine
704 535 827 576 paullo
857 535 1008 576 majori,
1037 534 1190 576 pedibus
1219 536 1394 577 pallidius
1423 534 1548 571 ssavis,
1570 541 1633 563 nec

356 598 572 630 fulvescenti
602 597 724 636 ssavis,
753 602 935 628 tarsorum
963 597 1186 628 anteriorum
1232 598 1399 629 articulis
1445 595 1633 628 basalibus

358 664 398 700 2,
426 671 490 692 nec
532 660 571 698 1,
615 660 911 702 postieorumque
956 663 1178 698 metatarso,
1224 661 1391 702 pallidis,
1434 658 1634 691 femoribus

360 723 513 766 posticis
538 722 657 754 alitice
683 727 767 753 ante
792 722 930 763 apicem
957 722 1111 763 spinulis
1136 723 1177 760 3,
1205 733 1268 754 nec
1295 723 1311 756 1
1328 747 1336 761 ,
1365 723 1500 765 nigris,
1536 722 1565 753 &-
1599 720 1634 751 in

351 779 383 828 ὃ
416 795 598 821 tarsorum
625 789 925 820 inter-mediorum
971 793 1178 827 structura,
1223 799 1243 820 a
1286 789 1428 820 duobus
1471 788 1635 830 proxime

357 851 660 884 antecedentibus
688 862 771 883 mox
798 851 1039 893 dignoscitur.
1065 870 1107 874 ——
1131 852 1305 883 Antennae
1331 857 1372 883 ut
1397 852 1432 883 in
1467 849 1515 883 D.
1548 860 1635 892 pen-

359 914 507 947 m'tarsi.
555 914 701 946 Alai-um
729 914 862 955 stigma
889 914 1040 946 nullum.
1086 914 1228 946 Nervus
1257 915 1384 957 longit.
1409 913 1505 948 llztus
1529 913 1635 945 levis-

360 977 450 1008 sime
475 976 591 1008 ssexns
616 978 650 1008 in
678 986 818 1007 summo
844 978 947 1019 apice
973 987 1180 1009 excurrens.
1224 979 1378 1010 Femora
1404 978 1534 1009 subtus
1559 976 1636 1008 bre-

358 1043 504 1075 vissime
532 1042 789 1086 pubescentia,
826 1053 890 1074 nec
923 1044 958 1074 in
994 1031 1026 1080 ὃ
1052 1043 1190 1076 ciliata.
1217 1045 1372 1086 Reliqua
1398 1049 1438 1075 ut
1463 1043 1496 1074 in
1509 1042 1636 1085 priori.

388 1153 453 1188 38.
513 1147 565 1187 Ι).
608 1145 887 1199 Walzlbergt:
931 1149 1237 1194 aureo-viridis,
1283 1149 1455 1195 nitidus,
1503 1148 1636 1185 fronte

270 1223 509 1268 cont-olore,
541 1222 704 1260 thorace
737 1223 1134 1271 cupreo-trivittat03
1167 1224 1404 1271 cpistomate
1425 1222 1636 1259 slavicante

271 1296 377 1348 (3)3
407 1297 593 1334 antennis
623 1294 874 1345 longitudine
913 1296 1056 1344 capitis
1100 1296 1340 1341 transversi,
1385 1295 1530 1342 fulvis,
1575 1306 1638 1332 ar-

271 1369 396 1408 ticulo
430 1369 573 1406 ultimo
599 1369 713 1418 apice
760 1369 895 1417 nigro3
941 1368 1110 1417 pedibus
1153 1368 1303 1418 pallide
1349 1367 1483 1415 ssavis,
1527 1367 1638 1405 coxis

271 1442 564 1493 posterioribus
592 1442 786 1487 einereis,
819 1442 931 1491 apice
965 1441 1147 1490 pallidis,
1194 1443 1308 1480 tarsis
1351 1443 1469 1487 atris,
1513 1445 1638 1478 meta-

272 1517 388 1555 tarsis
418 1516 559 1553 anticis
598 1515 692 1552 totis
733 1515 977 1565 posticisquc
1022 1515 1119 1561 basi,
1161 1515 1337 1563 ssavidis,
1391 1513 1638 1553 intermediis

272 1590 416 1639 nigris,
445 1590 482 1626 in
524 1585 561 1637 CT
605 1590 811 1639 pennatis3
857 1588 930 1626 alis
968 1588 1229 1638 subhyalinis.
1276 1586 1324 1638 (ζ.
1369 1587 1509 1637 (Loog.
1553 1585 1637 1624 sere

272 1664 298 1698 2
328 1661 431 1706 lim).

391 1750 491 1788 Hah.
520 1752 560 1788 in
590 1750 731 1788 Suecia
763 1751 889 1788 media
922 1752 1139 1797 rarissime,
1173 1751 1253 1788 duo
1275 1756 1428 1788 tantum
1452 1749 1636 1799 exempla

275 1824 433 1869 inveni,
464 1835 587 1860 uuum
621 1825 659 1861 iu
688 1822 940 1872 ostrogothia
974 1822 1022 1860 ad
1054 1822 1270 1862 VVadstena
1300 1823 1379 1861 Jul.
1426 1825 1553 1870 1531,
1599 1822 1638 1860 ά·

272 1895 445 1934 alterum
478 1898 516 1934 in
547 1895 775 1933 Gottlandia
808 1897 846 1933 in
878 1900 994 1945 prato
1024 1896 1436 1947 dep1·esso,bumido,
1456 1899 1637 1947 paroeciae

271 1967 518 2019 Steukyrka,
549 1969 614 2006 die
646 1971 699 2006 29
729 1968 806 2006 Jul.
839 1970 955 2005 1841.

329 2046 372 2095 ὂ·
400 2056 536 2089 Similis
565 2054 615 2088 D.
642 2057 839 2098 populari,
868 2058 930 2089 sed
976 2057 1198 2100 epistomate
1238 2057 1362 2099 paullo
1405 2058 1637 2100 angustiore,

360 2120 743 2159 alnido-flavescente,
772 2131 836 2152 nec
872 2130 1005 2158 aurem
1050 2120 1191 2151 alarum
1235 2130 1344 2151 nervo
1391 2120 1518 2161 longit.
1561 2119 1638 2155 ltzto

362 2183 572 2225 geniculato
600 2193 664 2214 seu
690 2183 901 2216 distinctius
929 2184 1042 2221 llcxo,
1069 2182 1222 2225 pedibus
1248 2182 1365 2214 adhuc
1390 2182 1639 2225 pallidiustla-

364 2246 437 2283 vis,
464 2245 564 2276 coxis
592 2247 794 2287 primm-tim
824 2247 974 2288 posticis
1001 2246 1104 2287 apice
1138 2245 1249 2276 latius
1287 2244 1409 2283 flavis,
1454 2251 1637 2278 tan-sorum

365 2308 567 2337 anticorum
595 2308 752 2338 articulo
781 2314 921 2340 tantum
950 2308 1066 2350 primo
1093 2307 1174 2347 (nec
1201 2307 1218 2340 1
1246 2308 1275 2338 dc
1299 2307 1335 2346 2)
1363 2307 1392 2338 dc
1413 2308 1637 2349 posticorum

362 2372 562 2400 metatui-so
589 2379 610 2399 a
636 2370 710 2400 basi
753 2370 796 2401 ad
832 2370 1010 2408 medium,
1057 2368 1225 2410 pallidis,
1268 2368 1368 2400 tibiis
1410 2369 1637 2402 intermediis

365 2431 475 2462 tarsis
500 2431 728 2462 intermediis
755 2432 904 2464 dimidio
931 2430 1179 2473 longioribus,
1207 2439 1270 2461 nec
1297 2431 1488 2473 aequaliter
1507 2434 1638 2476 longiS,

362 2498 562 2525 metatarso
598 2494 813 2527 intermedio
858 2494 1085 2537 longitudine
1130 2493 1353 2536 reliquorum
1398 2495 1638 2528 articulorum

363 2555 470 2588 simul
497 2560 720 2597 sumtorum,
748 2561 830 2590 atro
857 2558 945 2598 (ima
970 2556 1047 2589 basi
1086 2563 1148 2587 seu
1193 2556 1450 2590 articulatione
1495 2561 1636 2591 tantum
