1695 3020
268 202 349 239 794
787 197 854 234 79.
888 192 1110 234 Eristalis.

269 306 349 345 Jul.
380 306 532 355 1840„
562 306 601 342 in
638 304 838 355 Lapponia
871 304 1035 343 Umensi
1066 304 1114 343 ad
1140 304 1337 357 Lycksele
1384 305 1549 355 passum
1594 306 1632 342 in

269 380 446 430 Lappon.
475 378 686 424 Tornensi‚
717 379 761 417 D.
795 376 1009 431 Deulsclz3
1040 381 1080 417 in
1125 378 1327 430 Nor-vegia
1372 377 1421 415 ad
1463 377 1633 428 Thynaes

269 454 488 505 frequens3
518 453 558 489 in
591 451 734 497 Dama,
765 451 810 489 I).
844 449 1044 503 Slceeger.
1104 452 1199 498 (Per
1231 451 1274 490 D.
1321 448 1471 489 Zeller
1515 450 1632 501 plura

267 528 483 577 specimina
514 527 555 563 in
587 531 762 576 utroque
792 537 892 563 sexu
920 526 995 564 sub
1035 528 1219 564 nomine:
1265 522 1466 564 'Clteilosu
1498 523 1634 574 flavi·
1692 568 1695 573 .

267 612 389 638 mana
419 599 518 637 Low
548 597 598 636 ah
628 600 713 648 ipso
747 596 892 649 (Lim)
924 601 1252 644 communicata”‚
1296 599 1417 636 etiam
1462 597 1632 636 obtinui.

267 673 328 712 Ad
357 672 673 711 Neuenkirchen
704 675 744 711 in
775 672 1022 724 Megalopoli
1068 672 1385 723 (Mecklenburg
1429 670 1633 718 Strelitz]‚

267 753 313 785 ut
343 745 382 784 (Ω
425 748 466 784 in
507 746 676 785 floribus
719 746 769 785 ad
813 745 964 783 Eldena
1009 758 1135 796 prope
1182 745 1423 797 Grypffiam,
1472 746 1632 783 15-28

266 819 364 871 Maji
396 822 522 868 1842,
552 825 613 859 sat
643 822 803 872 copiose
835 819 934 871 legit
966 819 1145 871 mihique
1191 820 1506 858 communicavit
1550 816 1631 858 Cel.

267 892 511 940 Daklbom).

324 966 398 1016 ὅᾫ-
425 976 531 1009 Oculi
558 977 593 1008 in
620 987 690 1009 uno
720 987 809 1010 sexu
835 976 920 1009 hirti
948 977 983 1008 in
1009 976 1128 1009 altero
1164 976 1271 1016 nudi,
1318 976 1480 1009 thoracis
1529 976 1633 1008 color

357 1036 616 1072 caerulescenti
638 1045 739 1080 ater,
766 1040 946 1083 epistoma
972 1040 1006 1071 in
1032 1039 1161 1071 illaesis
1189 1040 1371 1072 levissime
1395 1038 1635 1081 cinereo-pol-

357 1102 517 1134 linosum
545 1105 626 1143 (nec
652 1103 807 1141 nudum,
839 1112 903 1133 nec
929 1102 1082 1133 nitidum
1110 1103 1175 1134 nisi
1203 1104 1237 1133 in
1264 1103 1449 1142 detritis),
1488 1102 1634 1133 subuni-

357 1165 652 1205 tuber-culatum,
680 1164 712 1197 h.
741 1175 772 1199 e.
812 1165 1041 1197 tuberculum
1077 1165 1121 1197 ad
1166 1176 1206 1196 os
1252 1176 1380 1208 parum
1425 1165 1632 1202 elevatum,

354 1229 559 1260 interstitio
587 1227 681 1260 haud
710 1228 893 1271 profunde
920 1232 1096 1259 excavato
1113 1252 1121 1267 ,
1147 1228 1215 1259 alae
1238 1228 1444 1270 praesertim
1466 1227 1509 1259 ad
1531 1228 1634 1259 basin

359 1296 390 1327 dc
415 1299 555 1326 costam
583 1294 746 1334 flavidae,
775 1294 937 1327 haltcres
964 1296 1074 1326 etiam
1101 1296 1134 1326 in
1156 1284 1188 1334 ὃ
1213 1295 1307 1334 albi,
1335 1295 1571 1334 immaculati,
1594 1298 1635 1326 ut

359 1359 388 1390 dc
415 1359 504 1389 tarsi
530 1358 640 1390 antici
667 1358 835 1389 articulis
860 1359 881 1392 3
907 1358 1035 1389 mediis
1063 1358 1169 1397 albis,
1197 1364 1281 1390 sunt
1309 1359 1630 1401 praecipuaenotae‚

357 1421 486 1462 quibus
514 1420 591 1452 hoec
617 1422 757 1464 species
778 1422 823 1453 ab
848 1422 930 1453 aliis
956 1421 1194 1464 dignoscitur.
1221 1439 1259 1444 —-
1290 1422 1420 1453 Orbita
1442 1420 1631 1453 oculorum

357 1484 603 1519 cinei-ascens.
651 1486 825 1517 Antennae
853 1486 987 1527 nigrae,
1015 1485 1172 1516 articulo
1199 1484 1330 1516 ultimo
1357 1485 1392 1516 in
1419 1483 1536 1515 medio
1563 1483 1634 1525 ple-

363 1556 516 1589 rumque
542 1547 661 1582 fusco*
709 1549 839 1590 Margo
867 1548 1000 1579 frontis
1026 1548 1122 1579 inter
1147 1552 1325 1579 antennas
1351 1548 1452 1590 niger
1477 1551 1540 1578 aut
1566 1545 1634 1577 fen·-

354 1615 541 1656 rugineus.
592 1613 794 1647 Scutellum
822 1624 1032 1647 convexum.
1082 1613 1265 1646 Abdomen
1301 1614 1505 1656 praesertim
1532 1614 1565 1644 in
1601 1602 1633 1651 (ζ

350 1677 706 1720 griseo-pubescens.
755 1677 922 1720 Squamae
949 1678 1015 1709 sub
1035 1677 1104 1709 alis
1130 1678 1244 1716 albae,
1293 1678 1455 1719 margine
1497 1675 1632 1707 innexo

354 1740 594 1772 albo-ciliato.
644 1740 751 1771 'l*ursi
780 1740 1005 1782 posteriores
1031 1740 1198 1771 articulis
1224 1740 1245 1773 3
1271 1741 1299 1772 ά
1324 1738 1346 1774 4
1379 1749 1478 1782 saepe
1520 1738 1630 1770 etium

356 1801 726 1834 ssavo-albicantibus,

317 1881 399 1916 obs.
428 1882 501 1915 Sub
528 1883 691 1913 nomine:
719 1880 930 1914 ”Clceilosz‘a
957 1882 1143 1915 albicarsis
1167 1884 1281 1926 Meig.
1311 1885 1341 1916 d:
1366 1883 1460 1916 Low
1484 1892 1505 1914 a
1539 1879 1629 1913 Liiw

357 1946 479 1984 data⁷’,
507 1945 582 1979 Cel.
610 1943 729 1977 Zeller
753 1954 890 1976 mecum
932 1947 1212 1978 communicavit
1257 1947 1294 1978 in
1337 1950 1494 1989 utroque
1538 1955 1629 1976 sexu

354 2009 557 2047 insectum,
584 2008 679 2051 quod
706 2019 726 2040 a
746 2007 958 2052 flavimana
984 2010 1018 2040 in
1046 2009 1158 2041 nilrilo
1185 2010 1280 2049 alio,
1307 2014 1347 2040 ut
1372 2007 1628 2046 mihividetur,

355 2070 502 2110 differt,
531 2082 637 2113 quam
665 2072 913 2114 magnitudine
936 2073 1059 2115 paullo
1096 2073 1247 2105 minore.
1296 2073 1346 2104 An
1390 2072 1503 2113 igitur
1548 2068 1630 2112 Syr-

353 2133 447 2176 plms
473 2133 661 2166 albitarsz's
686 2135 795 2178 Meig.
824 2135 923 2177 Dipt.
948 2135 981 2168 3.
1002 2136 1136 2169 29022
1158 2140 1296 2167 tantum
1311 2134 1497 2167 estforma
1510 2133 1629 2165 minor

359 2195 529 2229 Clzilosiae
545 2196 761 2239 flavimauae.
787 2198 898 2239 Meig.
934 2198 1034 2240 Dipt.
1070 2199 1103 2233 7.
1146 2199 1222 2233 120.
1264 2199 1320 2232 25.
1365 2198 1487 2240 (quam
1532 2196 1628 2227 Clar.

357 2256 509 2300 Meigen
535 2260 612 2302 ipse
639 2270 707 2292 non
734 2261 847 2299 vidit,
874 2260 937 2291 sed
963 2261 1189 2292 auctoritate
1218 2259 1437 2302 Macquarei
1470 2260 1627 2301 descrip-

354 2320 443 2361 sim
494 2323 581 2353 Cum
608 2332 695 2354 vero
723 2323 799 2356 Cel.
823 2322 1016 2354 Professor
1041 2321 1129 2354 Lim>
1155 2324 1178 2354 l.
1214 2333 1244 2357 c,
1289 2323 1451 2354 affirmat
1494 2321 1628 2362 magni-

353 2383 515 2415 tndiuem
541 2389 606 2414 aut
632 2384 902 2425 parritudinem
929 2384 1047 2425 quoad
1083 2385 1352 2416 distinctionem
1388 2384 1512 2415 harum
1548 2393 1627 2426 spe-

354 2447 489 2477 cierum
515 2450 620 2477 notas
647 2455 726 2477 esse
752 2451 984 2485 constantes,
1011 2457 1138 2478 nomen
1157 2446 1368 2490 flavimana
1402 2448 1511 2478 etiam
1559 2456 1625 2488 pro

352 2512 479 2541 nostra
504 2509 625 2550 specie
651 2509 753 2549 (olim
781 2519 845 2552 pro
873 2507 1002 2552 Syrplc.
1030 2508 1204 2542 albicarsz·
1225 2511 1336 2554 Meig.
1360 2508 1624 2551 habita)ad0p-

352 2571 448 2613 tavi,
475 2572 681 2615 praesertim
709 2571 793 2604 dum
819 2573 1017 2616 specimina
1042 2578 1169 2607 nostra
1195 2575 1225 2607 dc
1251 2573 1430 2609 Lowiana
1454 2576 1496 2606 ut
1515 2581 1622 2605 ovum
