<?xml version="1.0" encoding="UTF-8"?>
<!DOCTYPE html PUBLIC "-//W3C//DTD XHTML 1.0 Transitional//EN"
    "http://www.w3.org/TR/xhtml1/DTD/xhtml1-transitional.dtd">
<html xmlns="http://www.w3.org/1999/xhtml" xml:lang="en" lang="en">
 <head>
  <title>
</title>
<meta http-equiv="Content-Type" content="text/html;charset=utf-8" />
  <meta name='ocr-system' content='tesseract 3.04.00' />
  <meta name='ocr-capabilities' content='ocr_page ocr_carea ocr_par ocr_line ocrx_word'/>
</head>
<body>
  <div class='ocr_page' id='page_1' title='image "./dipterascandinav12zett_0872.png"; bbox 0 0 1695 3020; ppageno 0'>
   <div class='ocr_carea' id='block_1_1' title="bbox 300 188 1116 229">
    <p class='ocr_par' dir='ltr' id='par_1_1' title="bbox 300 188 1116 229">
     <span class='ocr_line' id='line_1_1' title="bbox 300 188 1116 229; baseline -0.005 0"><span class='ocrx_word' id='word_1_1' title='bbox 300 194 381 229; x_wconf 68' lang='lat'>846</span> <span class='ocrx_word' id='word_1_2' title='bbox 835 190 901 226; x_wconf 83' lang='lat'>82.</span> <span class='ocrx_word' id='word_1_3' title='bbox 934 188 1116 227; x_wconf 72' lang='lat' dir='ltr'>Psae‘lota.</span> 
     </span>
    </p>
   </div>
   <div class='ocr_carea' id='block_1_2' title="bbox 383 292 1665 902">
    <p class='ocr_par' dir='ltr' id='par_1_2' title="bbox 383 292 1665 902">
     <span class='ocr_line' id='line_1_2' title="bbox 389 292 1663 337; baseline -0.001 -8"><span class='ocrx_word' id='word_1_4' title='bbox 389 305 551 329; x_wconf 86' lang='lat' dir='ltr'>curvum.</span> <span class='ocrx_word' id='word_1_5' title='bbox 601 293 674 326; x_wconf 63' lang='lat' dir='ltr'>31ae</span> <span class='ocrx_word' id='word_1_6' title='bbox 701 299 741 326; x_wconf 84' lang='lat' dir='ltr'>ut</span> <span class='ocrx_word' id='word_1_7' title='bbox 766 295 800 326; x_wconf 90' lang='lat' dir='ltr'>in</span> <span class='ocrx_word' id='word_1_8' title='bbox 841 292 985 337; x_wconf 78' lang='lat' dir='ltr'>Pipz&#39;za.</span> <span class='ocrx_word' id='word_1_9' title='bbox 1035 297 1138 328; x_wconf 83' lang='lat' dir='ltr'>Areae</span> <span class='ocrx_word' id='word_1_10' title='bbox 1174 296 1314 329; x_wconf 79' lang='lat' dir='ltr'>alarum</span> <span class='ocrx_word' id='word_1_11' title='bbox 1356 299 1378 331; x_wconf 84' lang='lat'><strong>2</strong></span> <span class='ocrx_word' id='word_1_12' title='bbox 1420 295 1663 335; x_wconf 84' lang='lat' dir='ltr'>discoidales,</span> 
     </span>
     <span class='ocr_line' id='line_1_3' title="bbox 390 355 1662 402; baseline -0.002 -11"><span class='ocrx_word' id='word_1_13' title='bbox 390 359 493 402; x_wconf 81' lang='lat' dir='ltr'>apice</span> <span class='ocrx_word' id='word_1_14' title='bbox 519 357 739 398; x_wconf 69' lang='lat' dir='ltr'>inaequales,</span> <span class='ocrx_word' id='word_1_15' title='bbox 767 355 893 389; x_wconf 76' lang='lat' dir='ltr'>haruin</span> <span class='ocrx_word' id='word_1_16' title='bbox 921 368 1046 401; x_wconf 83' lang='lat' dir='ltr'><strong>nempe</strong></span> <span class='ocrx_word' id='word_1_17' title='bbox 1072 359 1241 402; x_wconf 79' lang='lat' dir='ltr'>superior</span> <span class='ocrx_word' id='word_1_18' title='bbox 1267 359 1417 391; x_wconf 74' lang='lat' dir='ltr'>net-vulo</span> <span class='ocrx_word' id='word_1_19' title='bbox 1453 364 1662 391; x_wconf 79' lang='lat' dir='ltr'>transverso</span> 
     </span>
     <span class='ocr_line' id='line_1_4' title="bbox 386 419 1664 463; baseline 0.001 -10"><span class='ocrx_word' id='word_1_20' title='bbox 386 423 498 463; x_wconf 87' lang='lat' dir='ltr'>(inter</span> <span class='ocrx_word' id='word_1_21' title='bbox 525 429 655 450; x_wconf 88' lang='lat' dir='ltr'>nervos</span> <span class='ocrx_word' id='word_1_22' title='bbox 683 419 811 461; x_wconf 83' lang='lat' dir='ltr'>longit.</span> <span class='ocrx_word' id='word_1_23' title='bbox 837 420 858 454; x_wconf 81' lang='lat'>4</span> <span class='ocrx_word' id='word_1_24' title='bbox 885 422 913 453; x_wconf 63' lang='grc' dir='ltr'>δι</span> <span class='ocrx_word' id='word_1_25' title='bbox 939 422 974 461; x_wconf 86' lang='grc'>5)</span> <span class='ocrx_word' id='word_1_26' title='bbox 1009 427 1071 453; x_wconf 86' lang='lat' dir='ltr'>nut</span> <span class='ocrx_word' id='word_1_27' title='bbox 1106 427 1258 453; x_wconf 76' lang='lat' dir='ltr'>arcuato</span> <span class='ocrx_word' id='word_1_28' title='bbox 1293 428 1357 453; x_wconf 81' lang='lat' dir='ltr'>ant</span> <span class='ocrx_word' id='word_1_29' title='bbox 1391 421 1590 463; x_wconf 79' lang='lat' dir='ltr'>angulato,</span> <span class='ocrx_word' id='word_1_30' title='bbox 1634 423 1664 454; x_wconf 70' lang='lat' dir='ltr'>dc</span> 
     </span>
     <span class='ocr_line' id='line_1_5' title="bbox 385 483 1662 527; baseline -0.002 -11"><span class='ocrx_word' id='word_1_31' title='bbox 385 484 538 516; x_wconf 85' lang='lat' dir='ltr'>inferior</span> <span class='ocrx_word' id='word_1_32' title='bbox 564 483 715 514; x_wconf 85' lang='lat' dir='ltr'>nervnlo</span> <span class='ocrx_word' id='word_1_33' title='bbox 744 489 953 514; x_wconf 75' lang='lat' dir='ltr'>transverso</span> <span class='ocrx_word' id='word_1_34' title='bbox 980 485 1090 525; x_wconf 80' lang='lat' dir='ltr'>(inter</span> <span class='ocrx_word' id='word_1_35' title='bbox 1118 495 1215 516; x_wconf 82' lang='lat' dir='ltr'>nerv.</span> <span class='ocrx_word' id='word_1_36' title='bbox 1243 485 1340 527; x_wconf 84' lang='lat' dir='ltr'>long.</span> <span class='ocrx_word' id='word_1_37' title='bbox 1366 484 1385 516; x_wconf 90' lang='lat'>5</span> <span class='ocrx_word' id='word_1_38' title='bbox 1413 485 1442 516; x_wconf 63' lang='grc' dir='ltr'><strong>ὦ</strong></span> <span class='ocrx_word' id='word_1_39' title='bbox 1467 485 1504 524; x_wconf 88' lang='grc'>6)</span> <span class='ocrx_word' id='word_1_40' title='bbox 1539 489 1662 519; x_wconf 80' lang='lat' dir='ltr'>recto,</span> 
     </span>
     <span class='ocr_line' id='line_1_6' title="bbox 387 546 1663 589; baseline -0.001 -10"><span class='ocrx_word' id='word_1_41' title='bbox 387 546 644 579; x_wconf 74' lang='lat' dir='ltr'><strong>terminantur.</strong></span> <span class='ocrx_word' id='word_1_42' title='bbox 692 547 848 578; x_wconf 81' lang='lat' dir='ltr'>Femora</span> <span class='ocrx_word' id='word_1_43' title='bbox 876 547 1017 588; x_wconf 84' lang='lat' dir='ltr'>postica</span> <span class='ocrx_word' id='word_1_44' title='bbox 1042 547 1289 579; x_wconf 76' lang='lat' dir='ltr'>anterioribus</span> <span class='ocrx_word' id='word_1_45' title='bbox 1316 547 1439 589; x_wconf 77' lang='lat' dir='ltr'>paullo</span> <span class='ocrx_word' id='word_1_46' title='bbox 1475 547 1663 588; x_wconf 75' lang='lat' dir='ltr'>longiora,</span> 
     </span>
     <span class='ocr_line' id='line_1_7' title="bbox 387 608 1664 645; baseline 0.001 -6"><span class='ocrx_word' id='word_1_47' title='bbox 387 608 570 640; x_wconf 80' lang='lat' dir='ltr'>interdum</span> <span class='ocrx_word' id='word_1_48' title='bbox 600 608 799 645; x_wconf 74' lang='lat' dir='ltr'>validiora.</span> <span class='ocrx_word' id='word_1_49' title='bbox 829 609 927 641; x_wconf 77' lang='lat' dir='ltr'>tibiis</span> <span class='ocrx_word' id='word_1_50' title='bbox 955 610 1198 642; x_wconf 77' lang='lat' dir='ltr'>subnrcuutis.</span> <span class='ocrx_word' id='word_1_51' title='bbox 1252 609 1362 641; x_wconf 84' lang='lat' dir='ltr'>Color</span> <span class='ocrx_word' id='word_1_52' title='bbox 1387 616 1479 641; x_wconf 80' lang='lat' dir='ltr'>ater.</span> <span class='ocrx_word' id='word_1_53' title='bbox 1515 609 1664 641; x_wconf 76' lang='lat' dir='ltr'>Pictura</span> 
     </span>
     <span class='ocr_line' id='line_1_8' title="bbox 383 669 1662 716; baseline 0.001 -14"><span class='ocrx_word' id='word_1_54' title='bbox 383 671 495 703; x_wconf 81' lang='lat' dir='ltr'>nulla.</span> <span class='ocrx_word' id='word_1_55' title='bbox 526 669 653 703; x_wconf 78' lang='lat' dir='ltr'>Motus</span> <span class='ocrx_word' id='word_1_56' title='bbox 677 690 719 695; x_wconf 88' lang='grc'>--</span> <span class='ocrx_word' id='word_1_57' title='bbox 744 690 798 704; x_wconf 90' lang='grc'>-.</span> <span class='ocrx_word' id='word_1_58' title='bbox 826 670 1025 704; x_wconf 81' lang='lat' dir='ltr'>Habitatio</span> <span class='ocrx_word' id='word_1_59' title='bbox 1051 674 1084 704; x_wconf 91' lang='lat' dir='ltr'>in</span> <span class='ocrx_word' id='word_1_60' title='bbox 1108 672 1269 705; x_wconf 69' lang='lat' dir='ltr'>tlon-ibus.</span> <span class='ocrx_word' id='word_1_61' title='bbox 1297 671 1662 716; x_wconf 51' lang='lat' dir='ltr'>Dg&#39;fferentiasexnn</span> 
     </span>
     <span class='ocr_line' id='line_1_9' title="bbox 388 733 1664 778; baseline -0.002 -12"><span class='ocrx_word' id='word_1_62' title='bbox 388 744 486 766; x_wconf 82' lang='lat' dir='ltr'>mas.-</span> <span class='ocrx_word' id='word_1_63' title='bbox 511 734 628 766; x_wconf 88' lang='lat' dir='ltr'>oculis</span> <span class='ocrx_word' id='word_1_64' title='bbox 654 740 718 766; x_wconf 78' lang='lat' dir='ltr'>aut</span> <span class='ocrx_word' id='word_1_65' title='bbox 744 733 1015 766; x_wconf 65' lang='lat' dir='ltr'>conterentibus</span> <span class='ocrx_word' id='word_1_66' title='bbox 1041 742 1106 766; x_wconf 84' lang='lat' dir='ltr'>aut</span> <span class='ocrx_word' id='word_1_67' title='bbox 1131 740 1286 778; x_wconf 82' lang='lat' dir='ltr'>anguste</span> <span class='ocrx_word' id='word_1_68' title='bbox 1322 736 1494 774; x_wconf 85' lang='lat' dir='ltr'>remotis,</span> <span class='ocrx_word' id='word_1_69' title='bbox 1530 735 1664 777; x_wconf 82' lang='lat' dir='ltr'>episto-</span> 
     </span>
     <span class='ocr_line' id='line_1_10' title="bbox 388 797 1665 840; baseline -0.001 -12"><span class='ocrx_word' id='word_1_70' title='bbox 388 801 486 828; x_wconf 84' lang='lat' dir='ltr'>mate</span> <span class='ocrx_word' id='word_1_71' title='bbox 512 797 546 828; x_wconf 91' lang='lat' dir='ltr'>in</span> <span class='ocrx_word' id='word_1_72' title='bbox 573 797 692 829; x_wconf 79' lang='lat' dir='ltr'>medio</span> <span class='ocrx_word' id='word_1_73' title='bbox 721 797 852 829; x_wconf 80' lang='lat' dir='ltr'>leviter</span> <span class='ocrx_word' id='word_1_74' title='bbox 878 798 1023 830; x_wconf 85' lang='lat' dir='ltr'>elevato</span> <span class='ocrx_word' id='word_1_75' title='bbox 1050 808 1112 829; x_wconf 89' lang='lat' dir='ltr'>seu</span> <span class='ocrx_word' id='word_1_76' title='bbox 1150 798 1340 830; x_wconf 86' lang='lat' dir='ltr'>tuberculo</span> <span class='ocrx_word' id='word_1_77' title='bbox 1377 808 1488 840; x_wconf 78' lang='lat' dir='ltr'>parvo</span> <span class='ocrx_word' id='word_1_78' title='bbox 1532 798 1665 828; x_wconf 83' lang='lat' dir='ltr'>instru-</span> 
     </span>
     <span class='ocr_line' id='line_1_11' title="bbox 391 858 1665 902; baseline 0 -12"><span class='ocrx_word' id='word_1_79' title='bbox 391 864 471 898; x_wconf 92' lang='lat' dir='ltr'>cto;</span> <span class='ocrx_word' id='word_1_80' title='bbox 491 858 663 902; x_wconf 85' lang='lat' dir='ltr'>femina:</span> <span class='ocrx_word' id='word_1_81' title='bbox 690 860 807 891; x_wconf 79' lang='lat' dir='ltr'>oculis</span> <span class='ocrx_word' id='word_1_82' title='bbox 835 861 975 892; x_wconf 83' lang='lat' dir='ltr'>modice</span> <span class='ocrx_word' id='word_1_83' title='bbox 1001 861 1246 899; x_wconf 77' lang='lat' dir='ltr'>distantibus,</span> <span class='ocrx_word' id='word_1_84' title='bbox 1273 860 1395 892; x_wconf 85' lang='lat' dir='ltr'>fronte</span> <span class='ocrx_word' id='word_1_85' title='bbox 1430 859 1665 891; x_wconf 79' lang='lat' dir='ltr'>transversim</span> 
     </span>
    </p>
   </div>
   <div class='ocr_carea' id='block_1_3' title="bbox 390 923 1561 966">
    <p class='ocr_par' dir='ltr' id='par_1_3' title="bbox 390 923 1561 966">
     <span class='ocr_line' id='line_1_12' title="bbox 390 923 1561 966; baseline 0.001 -13"><span class='ocrx_word' id='word_1_86' title='bbox 390 932 460 954; x_wconf 86' lang='lat' dir='ltr'>non</span> <span class='ocrx_word' id='word_1_87' title='bbox 487 923 639 961; x_wconf 72' lang='lat' dir='ltr'>striata,</span> <span class='ocrx_word' id='word_1_88' title='bbox 668 924 890 966; x_wconf 80' lang='lat' dir='ltr'>epistoniate</span> <span class='ocrx_word' id='word_1_89' title='bbox 917 925 950 955; x_wconf 90' lang='lat' dir='ltr'>in</span> <span class='ocrx_word' id='word_1_90' title='bbox 977 924 1095 955; x_wconf 80' lang='lat' dir='ltr'>medio</span> <span class='ocrx_word' id='word_1_91' title='bbox 1123 924 1204 966; x_wconf 89' lang='lat' dir='ltr'>plus</span> <span class='ocrx_word' id='word_1_92' title='bbox 1230 923 1346 954; x_wconf 86' lang='lat' dir='ltr'>minus</span> <span class='ocrx_word' id='word_1_93' title='bbox 1372 924 1561 965; x_wconf 85' lang='lat' dir='ltr'>impressa.</span> 
     </span>
    </p>
   </div>
   <div class='ocr_carea' id='block_1_4' title="bbox 297 1017 1666 1507">
    <p class='ocr_par' dir='ltr' id='par_1_4' title="bbox 298 1017 1666 1288">
     <span class='ocr_line' id='line_1_13' title="bbox 417 1017 1665 1066; baseline 0.001 -11"><span class='ocrx_word' id='word_1_94' title='bbox 417 1020 452 1055; x_wconf 92' lang='lat'>1.</span> <span class='ocrx_word' id='word_1_95' title='bbox 510 1017 579 1057; x_wconf 77' lang='lat' dir='ltr'>Ps.</span> <span class='ocrx_word' id='word_1_96' title='bbox 624 1022 753 1056; x_wconf 79' lang='lat' dir='ltr'><em>alra:</em></span> <span class='ocrx_word' id='word_1_97' title='bbox 797 1018 928 1057; x_wconf 84' lang='lat' dir='ltr'>oculis</span> <span class='ocrx_word' id='word_1_98' title='bbox 973 1019 1089 1057; x_wconf 82' lang='lat' dir='ltr'>hirtis</span> <span class='ocrx_word' id='word_1_99' title='bbox 1142 1018 1498 1057; x_wconf 84' lang='lat' dir='ltr'>subcaerulcscenli</span> <span class='ocrx_word' id='word_1_100' title='bbox 1553 1024 1665 1066; x_wconf 81' lang='lat' dir='ltr'>atra,</span> 
     </span>
     <span class='ocr_line' id='line_1_14' title="bbox 299 1089 1666 1143; baseline 0.001 -15"><span class='ocrx_word' id='word_1_101' title='bbox 299 1091 658 1141; x_wconf 74' lang='lat' dir='ltr'>nigro-pubescens</span> <span class='ocrx_word' id='word_1_102' title='bbox 689 1089 789 1141; x_wconf 52' lang='lat' dir='ltr'>(gh</span> <span class='ocrx_word' id='word_1_103' title='bbox 821 1094 1006 1129; x_wconf 78' lang='lat' dir='ltr'>antennis</span> <span class='ocrx_word' id='word_1_104' title='bbox 1050 1094 1181 1130; x_wconf 71' lang='lat' dir='ltr'>ovans</span> <span class='ocrx_word' id='word_1_105' title='bbox 1225 1091 1475 1142; x_wconf 81' lang='lat' dir='ltr'><strong>pedibusque</strong></span> <span class='ocrx_word' id='word_1_106' title='bbox 1522 1094 1666 1143; x_wconf 80' lang='lat' dir='ltr'>nigri83</span> 
     </span>
     <span class='ocr_line' id='line_1_15' title="bbox 299 1163 1664 1215; baseline 0.002 -14"><span class='ocrx_word' id='word_1_107' title='bbox 299 1163 372 1201; x_wconf 83' lang='lat' dir='ltr'>alis</span> <span class='ocrx_word' id='word_1_108' title='bbox 405 1164 600 1214; x_wconf 73' lang='lat' dir='ltr'>hyalinis,</span> <span class='ocrx_word' id='word_1_109' title='bbox 631 1166 817 1215; x_wconf 76' lang='lat' dir='ltr'>stigmate</span> <span class='ocrx_word' id='word_1_110' title='bbox 850 1164 1022 1214; x_wconf 83' lang='lat' dir='ltr'>pallido,</span> <span class='ocrx_word' id='word_1_111' title='bbox 1054 1165 1225 1202; x_wconf 71' lang='lat' dir='ltr'>nei-vulo</span> <span class='ocrx_word' id='word_1_112' title='bbox 1258 1170 1488 1203; x_wconf 76' lang='lat' dir='ltr'>transverso</span> <span class='ocrx_word' id='word_1_113' title='bbox 1518 1167 1664 1215; x_wconf 83' lang='lat' dir='ltr'>apicali</span> 
     </span>
     <span class='ocr_line' id='line_1_16' title="bbox 298 1234 1110 1288; baseline -0.002 -14"><span class='ocrx_word' id='word_1_114' title='bbox 298 1238 496 1275; x_wconf 74' lang='lat' dir='ltr'>arcuatim</span> <span class='ocrx_word' id='word_1_115' title='bbox 528 1237 647 1274; x_wconf 80' lang='lat' dir='ltr'>flexo.</span> <span class='ocrx_word' id='word_1_116' title='bbox 678 1234 726 1286; x_wconf 60' lang='grc' dir='ltr'>(ζ.</span> <span class='ocrx_word' id='word_1_117' title='bbox 758 1237 900 1287; x_wconf 81' lang='lat' dir='ltr'>(Long.</span> <span class='ocrx_word' id='word_1_118' title='bbox 930 1238 983 1288; x_wconf 67' lang='lat'>22}</span> <span class='ocrx_word' id='word_1_119' title='bbox 1010 1238 1110 1283; x_wconf 62' lang='lat' dir='ltr'>lin.)</span> 
     </span>
    </p>

    <p class='ocr_par' dir='ltr' id='par_1_5' title="bbox 297 1308 1663 1433">
     <span class='ocr_line' id='line_1_17' title="bbox 415 1308 1663 1361; baseline 0.002 -15"><span class='ocrx_word' id='word_1_120' title='bbox 415 1308 570 1361; x_wconf 73' lang='lat' dir='ltr'>Pz&#39;piza</span> <span class='ocrx_word' id='word_1_121' title='bbox 600 1313 700 1347; x_wconf 78' lang='lat' dir='ltr'>acra</span> <span class='ocrx_word' id='word_1_122' title='bbox 730 1309 829 1346; x_wconf 87' lang='lat' dir='ltr'>Fall.</span> <span class='ocrx_word' id='word_1_123' title='bbox 859 1311 1004 1361; x_wconf 74' lang='lat' dir='ltr'>Syrpli.</span> <span class='ocrx_word' id='word_1_124' title='bbox 1045 1314 1107 1348; x_wconf 73' lang='lat'>58.</span> <span class='ocrx_word' id='word_1_125' title='bbox 1141 1314 1160 1348; x_wconf 93' lang='lat'>1</span> <span class='ocrx_word' id='word_1_126' title='bbox 1208 1312 1400 1361; x_wconf 82' lang='lat' dir='ltr'>ipsissima</span> <span class='ocrx_word' id='word_1_127' title='bbox 1447 1311 1663 1349; x_wconf 86' lang='lat' dir='ltr'>secundnm</span> 
     </span>
     <span class='ocr_line' id='line_1_18' title="bbox 297 1383 802 1433; baseline 0 -14"><span class='ocrx_word' id='word_1_128' title='bbox 297 1384 497 1433; x_wconf 72' lang='lat' dir='ltr'>specimen</span> <span class='ocrx_word' id='word_1_129' title='bbox 529 1383 802 1433; x_wconf 84' lang='lat' dir='ltr'>originarium.</span> 
     </span>
    </p>

    <p class='ocr_par' dir='ltr' id='par_1_6' title="bbox 423 1455 1666 1507">
     <span class='ocr_line' id='line_1_19' title="bbox 423 1455 1666 1507; baseline 0.001 -14"><span class='ocrx_word' id='word_1_130' title='bbox 423 1456 524 1493; x_wconf 85' lang='lat' dir='ltr'><strong>Hab.</strong></span> <span class='ocrx_word' id='word_1_131' title='bbox 554 1457 592 1493; x_wconf 92' lang='lat' dir='ltr'>in</span> <span class='ocrx_word' id='word_1_132' title='bbox 624 1455 765 1493; x_wconf 76' lang='lat' dir='ltr'>Succia</span> <span class='ocrx_word' id='word_1_133' title='bbox 799 1457 1022 1505; x_wconf 79' lang='lat' dir='ltr'>rarissime3</span> <span class='ocrx_word' id='word_1_134' title='bbox 1053 1455 1100 1493; x_wconf 82' lang='lat' dir='ltr'>ad</span> <span class='ocrx_word' id='word_1_135' title='bbox 1134 1455 1357 1506; x_wconf 65' lang='lat' dir='ltr'>Liirketorp</span> <span class='ocrx_word' id='word_1_136' title='bbox 1400 1455 1666 1507; x_wconf 75' lang='lat' dir='ltr'>Ostrogothiae</span> 
     </span>
    </p>
   </div>
   <div class='ocr_carea' id='block_1_5' title="bbox 301 1529 337 1566">
    <p class='ocr_par' dir='ltr' id='par_1_7' title="bbox 301 1529 337 1566">
     <span class='ocr_line' id='line_1_20' title="bbox 301 1529 337 1566; baseline 0 0"><span class='ocrx_word' id='word_1_137' title='bbox 301 1529 337 1566; x_wconf 93' lang='lat' dir='ltr'>d.</span> 
     </span>
    </p>
   </div>
   <div class='ocr_carea' id='block_1_6' title="bbox 423 1528 1253 1578">
    <p class='ocr_par' dir='ltr' id='par_1_8' title="bbox 423 1528 1253 1578">
     <span class='ocr_line' id='line_1_21' title="bbox 423 1528 1253 1578; baseline 0.001 -13"><span class='ocrx_word' id='word_1_138' title='bbox 423 1528 503 1566; x_wconf 87' lang='lat' dir='ltr'>Jul.</span> <span class='ocrx_word' id='word_1_139' title='bbox 540 1531 644 1566; x_wconf 82' lang='lat'><em>1816</em></span> <span class='ocrx_word' id='word_1_140' title='bbox 673 1530 876 1578; x_wconf 78' lang='lat' dir='ltr'>specimen</span> <span class='ocrx_word' id='word_1_141' title='bbox 910 1529 1070 1566; x_wconf 88' lang='lat' dir='ltr'>unicum</span> <span class='ocrx_word' id='word_1_142' title='bbox 1103 1528 1253 1566; x_wconf 72' lang='lat' dir='ltr'>detexi.</span> 
     </span>
    </p>
   </div>
   <div class='ocr_carea' id='block_1_7' title="bbox 357 1531 1667 2596">
    <p class='ocr_par' dir='ltr' id='par_1_9' title="bbox 367 1531 392 1566">
     <span class='ocr_line' id='line_1_22' title="bbox 367 1531 392 1566; baseline 0 0"><span class='ocrx_word' id='word_1_143' title='bbox 367 1531 392 1566; x_wconf 80' lang='grc'>2</span> 
     </span>
    </p>

    <p class='ocr_par' dir='ltr' id='par_1_10' title="bbox 357 1600 1667 2596">
     <span class='ocr_line' id='line_1_23' title="bbox 357 1600 1665 1654; baseline 0 -9"><span class='ocrx_word' id='word_1_144' title='bbox 357 1600 401 1650; x_wconf 63' lang='grc' dir='ltr'>ὂ·</span> <span class='ocrx_word' id='word_1_145' title='bbox 431 1612 568 1645; x_wconf 87' lang='lat' dir='ltr'>Similis</span> <span class='ocrx_word' id='word_1_146' title='bbox 594 1611 742 1644; x_wconf 85' lang='lat' dir='ltr'>videtur</span> <span class='ocrx_word' id='word_1_147' title='bbox 768 1610 826 1643; x_wconf 82' lang='lat' dir='ltr'>Ps.</span> <span class='ocrx_word' id='word_1_148' title='bbox 854 1611 1087 1644; x_wconf 74' lang='lat' dir='ltr'>anthracinae</span> <span class='ocrx_word' id='word_1_149' title='bbox 1122 1613 1255 1654; x_wconf 83' lang='lat' dir='ltr'>Meig.‚</span> <span class='ocrx_word' id='word_1_150' title='bbox 1299 1610 1361 1642; x_wconf 87' lang='lat' dir='ltr'>sed</span> <span class='ocrx_word' id='word_1_151' title='bbox 1409 1617 1535 1644; x_wconf 75' lang='lat' dir='ltr'>nostru</span> <span class='ocrx_word' id='word_1_152' title='bbox 1579 1619 1665 1646; x_wconf 79' lang='lat' dir='ltr'>atra</span> 
     </span>
     <span class='ocr_line' id='line_1_24' title="bbox 389 1674 1666 1717; baseline 0.001 -11"><span class='ocrx_word' id='word_1_153' title='bbox 389 1674 512 1707; x_wconf 83' lang='lat' dir='ltr'>fronte</span> <span class='ocrx_word' id='word_1_154' title='bbox 533 1685 597 1717; x_wconf 86' lang='lat' dir='ltr'>pro</span> <span class='ocrx_word' id='word_1_155' title='bbox 619 1675 821 1706; x_wconf 71' lang='lat' dir='ltr'>insertione</span> <span class='ocrx_word' id='word_1_156' title='bbox 833 1680 1070 1706; x_wconf 79' lang='lat' dir='ltr'>antennarum</span> <span class='ocrx_word' id='word_1_157' title='bbox 1085 1675 1201 1706; x_wconf 81' lang='lat' dir='ltr'>minus</span> <span class='ocrx_word' id='word_1_158' title='bbox 1213 1675 1452 1716; x_wconf 71' lang='lat' dir='ltr'>prominente,</span> <span class='ocrx_word' id='word_1_159' title='bbox 1467 1675 1666 1707; x_wconf 81' lang='lat' dir='ltr'>femoribus</span> 
     </span>
     <span class='ocr_line' id='line_1_25' title="bbox 394 1737 1664 1780; baseline 0.002 -13"><span class='ocrx_word' id='word_1_160' title='bbox 394 1738 547 1779; x_wconf 79' lang='lat' dir='ltr'>posticis</span> <span class='ocrx_word' id='word_1_161' title='bbox 573 1738 838 1775; x_wconf 77' lang='lat' dir='ltr'>crassioribus,</span> <span class='ocrx_word' id='word_1_162' title='bbox 867 1738 896 1769; x_wconf 69' lang='grc' dir='ltr'>ἀ</span> <span class='ocrx_word' id='word_1_163' title='bbox 923 1737 1105 1778; x_wconf 78' lang='lat' dir='ltr'>praecipue</span> <span class='ocrx_word' id='word_1_164' title='bbox 1132 1737 1280 1768; x_wconf 82' lang='lat' dir='ltr'>nervulo</span> <span class='ocrx_word' id='word_1_165' title='bbox 1303 1743 1513 1768; x_wconf 67' lang='lat' dir='ltr'>transverso</span> <span class='ocrx_word' id='word_1_166' title='bbox 1534 1738 1664 1780; x_wconf 83' lang='lat' dir='ltr'>apicali</span> 
     </span>
     <span class='ocr_line' id='line_1_26' title="bbox 391 1797 1665 1843; baseline 0 -13"><span class='ocrx_word' id='word_1_167' title='bbox 391 1800 594 1839; x_wconf 78' lang='lat' dir='ltr'>arcuatim,</span> <span class='ocrx_word' id='word_1_168' title='bbox 622 1810 685 1831; x_wconf 84' lang='lat' dir='ltr'>nec</span> <span class='ocrx_word' id='word_1_169' title='bbox 711 1800 914 1843; x_wconf 80' lang='lat' dir='ltr'>angulatim</span> <span class='ocrx_word' id='word_1_170' title='bbox 943 1798 1056 1836; x_wconf 83' lang='lat' dir='ltr'>flexo,</span> <span class='ocrx_word' id='word_1_171' title='bbox 1090 1809 1110 1829; x_wconf 83' lang='lat' dir='ltr'>a</span> <span class='ocrx_word' id='word_1_172' title='bbox 1135 1799 1292 1841; x_wconf 85' lang='lat' dir='ltr'>Meigeni</span> <span class='ocrx_word' id='word_1_173' title='bbox 1321 1797 1565 1838; x_wconf 63' lang='lat' dir='ltr'>uallarat-ina,</span> <span class='ocrx_word' id='word_1_174' title='bbox 1585 1809 1665 1841; x_wconf 81' lang='lat' dir='ltr'>quae</span> 
     </span>
     <span class='ocr_line' id='line_1_27' title="bbox 390 1854 1666 1908; baseline 0 -12"><span class='ocrx_word' id='word_1_175' title='bbox 390 1870 572 1908; x_wconf 61' lang='lat' dir='ltr'>praeterea</span> <span class='ocrx_word' id='word_1_176' title='bbox 598 1854 628 1908; x_wconf 67' lang='grc' dir='ltr'>ῼ</span> <span class='ocrx_word' id='word_1_177' title='bbox 655 1871 733 1905; x_wconf 81' lang='lat' dir='ltr'>est,</span> <span class='ocrx_word' id='word_1_178' title='bbox 762 1864 899 1898; x_wconf 83' lang='lat' dir='ltr'>differt.</span> <span class='ocrx_word' id='word_1_179' title='bbox 926 1883 969 1889; x_wconf 92' lang='lat'>—</span> <span class='ocrx_word' id='word_1_180' title='bbox 994 1866 1092 1897; x_wconf 78' lang='lat' dir='ltr'>Tota</span> <span class='ocrx_word' id='word_1_181' title='bbox 1130 1865 1360 1906; x_wconf 79' lang='lat' dir='ltr'>cyanescenti</span> <span class='ocrx_word' id='word_1_182' title='bbox 1396 1869 1497 1904; x_wconf 79' lang='lat' dir='ltr'>atra,</span> <span class='ocrx_word' id='word_1_183' title='bbox 1546 1865 1666 1902; x_wconf 69' lang='lat' dir='ltr'>subni,</span> 
     </span>
     <span class='ocr_line' id='line_1_28' title="bbox 393 1927 1667 1971; baseline 0 -12"><span class='ocrx_word' id='word_1_184' title='bbox 393 1928 482 1961; x_wconf 79' lang='lat' dir='ltr'>tidn.</span> <span class='ocrx_word' id='word_1_185' title='bbox 531 1929 723 1971; x_wconf 86' lang='lat' dir='ltr'>Epistoma</span> <span class='ocrx_word' id='word_1_186' title='bbox 749 1929 783 1960; x_wconf 92' lang='lat' dir='ltr'>in</span> <span class='ocrx_word' id='word_1_187' title='bbox 810 1928 929 1960; x_wconf 87' lang='lat' dir='ltr'>medio</span> <span class='ocrx_word' id='word_1_188' title='bbox 957 1927 1229 1959; x_wconf 86' lang='lat' dir='ltr'>obsoletissime</span> <span class='ocrx_word' id='word_1_189' title='bbox 1256 1927 1545 1966; x_wconf 85' lang='lat' dir='ltr'>tuberculatum3</span> <span class='ocrx_word' id='word_1_190' title='bbox 1571 1927 1667 1959; x_wconf 86' lang='lat' dir='ltr'>infra</span> 
     </span>
     <span class='ocr_line' id='line_1_29' title="bbox 391 1988 1664 2033; baseline -0.001 -11"><span class='ocrx_word' id='word_1_191' title='bbox 391 1991 518 2022; x_wconf 90' lang='lat' dir='ltr'>oculos</span> <span class='ocrx_word' id='word_1_192' title='bbox 544 1991 684 2023; x_wconf 87' lang='lat' dir='ltr'>modice</span> <span class='ocrx_word' id='word_1_193' title='bbox 710 1991 953 2029; x_wconf 79' lang='lat' dir='ltr'>descendens,</span> <span class='ocrx_word' id='word_1_194' title='bbox 980 1991 1082 2033; x_wconf 78' lang='lat' dir='ltr'>apice</span> <span class='ocrx_word' id='word_1_195' title='bbox 1118 1988 1242 2032; x_wconf 79' lang='lat' dir='ltr'>paullo</span> <span class='ocrx_word' id='word_1_196' title='bbox 1280 1989 1664 2030; x_wconf 76' lang='lat' dir='ltr'>truncato-reflexum,</span> 
     </span>
     <span class='ocr_line' id='line_1_30' title="bbox 390 2052 1664 2097; baseline -0.002 -12"><span class='ocrx_word' id='word_1_197' title='bbox 390 2053 434 2085; x_wconf 83' lang='lat' dir='ltr'>ad</span> <span class='ocrx_word' id='word_1_198' title='bbox 463 2054 581 2085; x_wconf 85' lang='lat' dir='ltr'>latera</span> <span class='ocrx_word' id='word_1_199' title='bbox 607 2054 904 2097; x_wconf 84' lang='lat' dir='ltr'>nigro-pilosum.</span> <span class='ocrx_word' id='word_1_200' title='bbox 954 2054 1128 2086; x_wconf 74' lang='lat' dir='ltr'>Antennae</span> <span class='ocrx_word' id='word_1_201' title='bbox 1163 2053 1296 2094; x_wconf 79' lang='lat' dir='ltr'>nigrae,</span> <span class='ocrx_word' id='word_1_202' title='bbox 1335 2052 1492 2084; x_wconf 85' lang='lat' dir='ltr'>articulo</span> <span class='ocrx_word' id='word_1_203' title='bbox 1535 2052 1664 2083; x_wconf 88' lang='lat' dir='ltr'>ultimo</span> 
     </span>
     <span class='ocr_line' id='line_1_31' title="bbox 395 2114 1666 2159; baseline -0.001 -12"><span class='ocrx_word' id='word_1_204' title='bbox 395 2116 692 2159; x_wconf 80' lang='lat' dir='ltr'>oblongo-ovali,</span> <span class='ocrx_word' id='word_1_205' title='bbox 740 2118 979 2159; x_wconf 83' lang='lat' dir='ltr'>fusco-nigro.</span> <span class='ocrx_word' id='word_1_206' title='bbox 1034 2115 1139 2147; x_wconf 84' lang='lat' dir='ltr'>Oculi</span> <span class='ocrx_word' id='word_1_207' title='bbox 1190 2114 1437 2154; x_wconf 70' lang='lat' dir='ltr'>cohaerentes,</span> <span class='ocrx_word' id='word_1_208' title='bbox 1493 2114 1666 2147; x_wconf 80' lang='lat' dir='ltr'>distincte</span> 
     </span>
     <span class='ocr_line' id='line_1_32' title="bbox 393 2176 1665 2221; baseline -0.002 -11"><span class='ocrx_word' id='word_1_209' title='bbox 393 2179 615 2212; x_wconf 81' lang='lat' dir='ltr'>fusco-hirti.</span> <span class='ocrx_word' id='word_1_210' title='bbox 663 2181 778 2212; x_wconf 88' lang='lat' dir='ltr'>Frons</span> <span class='ocrx_word' id='word_1_211' title='bbox 813 2180 931 2212; x_wconf 84' lang='lat' dir='ltr'>antice</span> <span class='ocrx_word' id='word_1_212' title='bbox 973 2177 1307 2221; x_wconf 80' lang='lat' dir='ltr'>nigro-pubescens.</span> <span class='ocrx_word' id='word_1_213' title='bbox 1356 2176 1505 2209; x_wconf 75' lang='lat' dir='ltr'>Thorax</span> <span class='ocrx_word' id='word_1_214' title='bbox 1547 2177 1665 2219; x_wconf 88' lang='lat' dir='ltr'>nigro-</span> 
     </span>
     <span class='ocr_line' id='line_1_33' title="bbox 391 2239 1665 2284; baseline -0.002 -11"><span class='ocrx_word' id='word_1_215' title='bbox 391 2242 545 2284; x_wconf 79' lang='lat' dir='ltr'>pilosus.</span> <span class='ocrx_word' id='word_1_216' title='bbox 593 2243 782 2275; x_wconf 86' lang='lat' dir='ltr'>Abdomen</span> <span class='ocrx_word' id='word_1_217' title='bbox 825 2247 994 2280; x_wconf 83' lang='lat' dir='ltr'>ovatum,</span> <span class='ocrx_word' id='word_1_218' title='bbox 1037 2240 1372 2283; x_wconf 84' lang='lat' dir='ltr'>nigro-pubescens.</span> <span class='ocrx_word' id='word_1_219' title='bbox 1428 2239 1503 2270; x_wconf 83' lang='lat' dir='ltr'>Alae</span> <span class='ocrx_word' id='word_1_220' title='bbox 1546 2239 1665 2271; x_wconf 82' lang='lat' dir='ltr'>subal-</span> 
     </span>
     <span class='ocr_line' id='line_1_34' title="bbox 392 2302 1664 2346; baseline 0 -11"><span class='ocrx_word' id='word_1_221' title='bbox 392 2304 553 2335; x_wconf 86' lang='lat' dir='ltr'>bescenti</span> <span class='ocrx_word' id='word_1_222' title='bbox 582 2303 764 2346; x_wconf 70' lang='lat' dir='ltr'>hyafinae,</span> <span class='ocrx_word' id='word_1_223' title='bbox 791 2306 864 2337; x_wconf 86' lang='lat' dir='ltr'>ima</span> <span class='ocrx_word' id='word_1_224' title='bbox 890 2305 1012 2336; x_wconf 84' lang='lat' dir='ltr'>radice</span> <span class='ocrx_word' id='word_1_225' title='bbox 1039 2303 1283 2346; x_wconf 83' lang='lat' dir='ltr'>pallescente,</span> <span class='ocrx_word' id='word_1_226' title='bbox 1311 2303 1483 2345; x_wconf 82' lang='lat' dir='ltr'>stigmate</span> <span class='ocrx_word' id='word_1_227' title='bbox 1519 2302 1664 2335; x_wconf 76' lang='lat' dir='ltr'>flavido.</span> 
     </span>
     <span class='ocr_line' id='line_1_35' title="bbox 392 2364 1665 2408; baseline -0.002 -10"><span class='ocrx_word' id='word_1_228' title='bbox 392 2366 505 2398; x_wconf 80' lang='lat' dir='ltr'>Nervi</span> <span class='ocrx_word' id='word_1_229' title='bbox 534 2366 840 2408; x_wconf 69' lang='lat' dir='ltr'>longituslinales:</span> <span class='ocrx_word' id='word_1_230' title='bbox 866 2368 965 2400; x_wconf 85' lang='lat' dir='ltr'>3tius</span> <span class='ocrx_word' id='word_1_231' title='bbox 991 2367 1025 2396; x_wconf 95' lang='lat' dir='ltr'>in</span> <span class='ocrx_word' id='word_1_232' title='bbox 1051 2370 1191 2396; x_wconf 86' lang='lat' dir='ltr'>costam</span> <span class='ocrx_word' id='word_1_233' title='bbox 1218 2370 1338 2396; x_wconf 81' lang='lat' dir='ltr'>rectus</span> <span class='ocrx_word' id='word_1_234' title='bbox 1365 2364 1549 2403; x_wconf 84' lang='lat' dir='ltr'>excurrit,</span> <span class='ocrx_word' id='word_1_235' title='bbox 1570 2365 1665 2397; x_wconf 63' lang='grc' dir='ltr'>ὅπως</span> 
     </span>
     <span class='ocr_line' id='line_1_36' title="bbox 396 2426 1665 2470; baseline 0 -11"><span class='ocrx_word' id='word_1_236' title='bbox 396 2428 490 2459; x_wconf 77' lang='lat' dir='ltr'>infra</span> <span class='ocrx_word' id='word_1_237' title='bbox 515 2429 686 2470; x_wconf 79' lang='lat' dir='ltr'>angulum</span> <span class='ocrx_word' id='word_1_238' title='bbox 714 2439 809 2461; x_wconf 78' lang='lat' dir='ltr'>arcae</span> <span class='ocrx_word' id='word_1_239' title='bbox 837 2428 928 2462; x_wconf 69' lang='lat' dir='ltr'>21dae</span> <span class='ocrx_word' id='word_1_240' title='bbox 955 2438 1022 2458; x_wconf 91' lang='lat' dir='ltr'>non</span> <span class='ocrx_word' id='word_1_241' title='bbox 1050 2427 1297 2458; x_wconf 83' lang='lat' dir='ltr'>continuatus.</span> <span class='ocrx_word' id='word_1_242' title='bbox 1340 2426 1507 2468; x_wconf 83' lang='lat' dir='ltr'>Squamae</span> <span class='ocrx_word' id='word_1_243' title='bbox 1534 2428 1563 2459; x_wconf 70' lang='grc' dir='ltr'><strong><em>ἀ</em></strong></span> <span class='ocrx_word' id='word_1_244' title='bbox 1590 2426 1665 2459; x_wconf 86' lang='lat' dir='ltr'>hal-</span> 
     </span>
     <span class='ocr_line' id='line_1_37' title="bbox 392 2488 1664 2531; baseline 0 -10"><span class='ocrx_word' id='word_1_245' title='bbox 392 2494 490 2522; x_wconf 80' lang='lat' dir='ltr'>teres</span> <span class='ocrx_word' id='word_1_246' title='bbox 518 2490 624 2530; x_wconf 87' lang='lat' dir='ltr'>nudi,</span> <span class='ocrx_word' id='word_1_247' title='bbox 650 2492 794 2531; x_wconf 79' lang='lat' dir='ltr'>albida,</span> <span class='ocrx_word' id='word_1_248' title='bbox 822 2491 896 2523; x_wconf 79' lang='lat' dir='ltr'>illae</span> <span class='ocrx_word' id='word_1_249' title='bbox 922 2489 1172 2522; x_wconf 79' lang='lat' dir='ltr'>albo-ciliatae.</span> <span class='ocrx_word' id='word_1_250' title='bbox 1221 2488 1336 2520; x_wconf 84' lang='lat' dir='ltr'>Pedes</span> <span class='ocrx_word' id='word_1_251' title='bbox 1371 2489 1484 2531; x_wconf 86' lang='lat' dir='ltr'>nigri,</span> <span class='ocrx_word' id='word_1_252' title='bbox 1519 2491 1664 2531; x_wconf 85' lang='lat' dir='ltr'>genicu-</span> 
     </span>
     <span class='ocr_line' id='line_1_38' title="bbox 394 2552 1664 2596; baseline 0.001 -12"><span class='ocrx_word' id='word_1_253' title='bbox 394 2553 441 2585; x_wconf 79' lang='lat' dir='ltr'>lis</span> <span class='ocrx_word' id='word_1_254' title='bbox 467 2553 639 2596; x_wconf 85' lang='lat' dir='ltr'>tibiisque</span> <span class='ocrx_word' id='word_1_255' title='bbox 664 2556 912 2587; x_wconf 83' lang='lat' dir='ltr'>anterioribus</span> <span class='ocrx_word' id='word_1_256' title='bbox 937 2554 1015 2586; x_wconf 85' lang='lat' dir='ltr'>basi</span> <span class='ocrx_word' id='word_1_257' title='bbox 1041 2553 1227 2586; x_wconf 82' lang='lat' dir='ltr'>testaceis.</span> <span class='ocrx_word' id='word_1_258' title='bbox 1275 2552 1383 2584; x_wconf 82' lang='lat' dir='ltr'>&#39;l&#39;arsi</span> <span class='ocrx_word' id='word_1_259' title='bbox 1411 2561 1534 2584; x_wconf 83' lang='lat' dir='ltr'>omnes</span> <span class='ocrx_word' id='word_1_260' title='bbox 1569 2552 1664 2595; x_wconf 85' lang='lat' dir='ltr'>pube</span> 
     </span>
    </p>
   </div>
  </div>
 </body>
</html>
